
@ARTICLE{Ferreiro2013:TR,
author={Ferreiro, A.M. and Garcia, J.A. and Lopez-Salas, J.G. and Vazquez, C.},
title={An efficient implementation of parallel simulated annealing algorithm in \uppercase{GPU}s},
journal={J. Glob. Optim.},
year={2013},
volume={57},
number={3},
pages={863-890},
doi = {10.1007/s10898-012-9979-z}
}

@ARTICLE{Garcia2014:TR,
author={Garcia-Martinez, J.M. and Garzon, E.M. and Ortigosa, P.M.},
title={A \uppercase{GPU} implementation of a hybrid evolutionary algorithm: \uppercase{GP}u\uppercase{EGO}},
journal={J. Supercomput.},
year={2014},
volume={70},
number={2},
pages={684-695},
doi = {10.1007/s11227-014-1136-7}
}

@ARTICLE{Langdon2011:TR,
author={Langdon, W.B.},
title={Graphics processing units and genetic programming: an overview},
journal={Soft computing},
year={2011},
volume={15},
number={8},
pages={1657-1669},
doi = {10.1007/s00500-011-0695-2}
}


@article{Evtushenko2009:TR,
	author    = { Ю. Г. Евтушенко and В. У. Малкова and А. А. Станевичюс },
	title     = {Параллельный поиск глобального экстремума функций многих переменных},
	journal   = {Вычислительная математика и математическая физики},
	year      = {2009},
	volume    = {49},
	number    = {2},
	pages     = {246-260},
	doi       = {10.1134/S0965542509020055},
	language  = {russian}
}

@ARTICLE{He2008:TR,
author={He, J. and Verstak, A. and Watson, L.T. and Sosonkina, M.},
title={Design and implementation of a massively parallel version of \uppercase{DIRECT}},
journal={Comput. Optim. Appl.},
year={2008},
volume={40},
number={2},
pages={217-245},
doi = {10.1007/s10589-007-9092-2}
}

@article
{
  Paulavicius2011:TR,
  author={Paulavi{\v c}ius, R. and {\v Z}ilinskas, J. and Grothey, A.},
  title={Parallel branch and bound for global optimization with combination of Lipschitz bounds},
  journal={Optim. Method. Softw.},
  year={2011},
  volume={26},
  number={3},
  pages={487-498},
	doi = {10.1080/10556788.2010.551537}
}

@ARTICLE{HookJeeves:TR,
author = {Hooke, R. and Jeeves, T.A.},
title = {``\uppercase{D}irect Search'' Solution of Numerical and Statistical Problems},
journal = {J. ACM},
volume = {8},
number = {2},
year = {1961},
pages = {212-229},
numpages = {18},
doi = {10.1145/321062.321069}
}

@book{Nocedal:TR,
  author    = {Nocedal, J. and Wright, S.},
  title     = {Numerical Optimization},
  publisher = {Springer},
  address   = {New York},
  year      = {2006},
  doi = {10.1007/b98874}
}

@book{Kelley:TR,
  author    = {Kelley, C.~T.},
  title     = {Iterative Methods for Optimization},
  publisher = {SIAM},
  address   = {Philadelphia},
  year      = {1999},
  doi = {10.1137/1.9781611970920}
}

@book {Strongin2000:TR,
  author    = "{Strongin R.G., Sergeyev Y.D.}",
  title     = {Global optimization with non-convex constraints. Sequential and parallel algorithms},
  publisher = {Kluwer Academic Publishers},
  address   = {Dordrecht},
  year      = 2000,
	doi = {10.1007/978-1-4615-4677-1}
}

@article{Barkalov2016:TR,
title = {Solving multidimensional global optimization problems using graphics accelerators},
journal = {Communications in Computer and Information Science},
volume = {687},
pages = {224-235},
year = {2016},
author = {Barkalov, K. and Lebedev, I.},
doi = {10.1007/978-3-319-55669-7_18}
}

@article{Barkalov2002:TR,
    author = {К. А. Баркалов and Р. Г. Стронгин },
    title = {Метод глобальной оптимизации с адаптивным порядком проверки ограничений},
    journal = {Вычислительная математика и математическая физики},
    volume = {42},
    number = {9},
    pages = {1289-1300},
    year = {2002},
	language  = {russian}
}

@article{Gergel1997:TR,
    author = {Gergel, V P},
    title = {A global optimization algorithm for multivariate functions with lipschitzian first derivatives},
    journal = {Journal of Global Optimization},
    volume = {10},
    number = {3},
    pages = {257-281},
    year = {1997},
    doi = {10.1023/A:1008290629896}
}

@book{
  Himmelblau72:TR,
  author    = {Himmelblau, D. },
  title     = {Applied Nonlinear Programming},
  publisher = {McGraw-Hill},
  address   = {New York},
  year      = {1972},
  pages     = "498"
}

@book{
  Brahmbhatt2013:TR,
  author    = {Samarth Brahmbhatt},
  title     = {Practical OpenCV (Technology in Action)},
  publisher = {Apress},
  address   = {New York},
  year      = 2013,
  doi = {10.1007/978-1-4302-6080-6_1}
}

@article{Sergeyev2006:TR,
author = {Sergeyev, Y.D. and Kvasov, D.E.},
title = {Global Search Based on Efficient Diagonal Partitions and a Set of \uppercase{L}ipschitz Constants},
journal = {SIAM J. Optim.},
volume = {16},
number = {3},
pages = {910-937},
year = {2006},
doi = {10.1137/040621132}
}

@article{Barkalov2020_1:TR,
title = {Combining local and global search in a parallel nested optimization Scheme},
journal = {Communications in Computer and Information Science},
volume = {1263},
pages = {100–112},
year = {2020},
author = {Barkalov, K. and Lebedev, I. and Kocheganova, M. and Gergel, V.},
doi = {10.1007/978-3-030-55326-5_8}
}