@book{c1,
  author    = {R.K. Arora}, 
  title     = {Optimization: Algorithms and Applications},
  publisher = {CRC Press},
  year      = 2015,
  isbn      = {9781498721127}
}

@book{c2,
  author    = {M. Locatelli and F. Schoen}, 
  title     = {Global Optimization: Theory, Algorithms, and Applications},
  publisher = {SIAM},
  year      = 2013,
  isbn      = {978-1-611972-66-5}
}

@book{c3,
  author    = {R. Paulavi{\v c}ius and J. {\v Z}ilinskas}, 
  title     = {Simplicial Global Optimization},
  publisher = {Springer-Verlag, New-York},
  year      = 2014,
  series    = {Springer Briefs in Optimization},
  isbn      = {978-1-4614-9093-7}
}

@book{
  c4,
  author    = {Yang, X.-S.},
  year      = {2008},
  isbn      = {1905986106, 9781905986101},
  publisher = {Luniver Press},	
  title     = {Nature-inspired metaheuristic algorithms},
  address   = {Frome},
}

@book{
  c5,
  author    = {A. Zhigljavsky and A. {\v Z}ilinskas},
  year      = {2008},
  publisher = {Springer},
  title     = {Stochastic Global Optimization},
}

@book{
  c6,
  author    = {R.G. Strongin and Ya.D. Sergeyev},
  title     = {Global optimization with non-convex constraints. Sequential and parallel algorithms},
  publisher = {Kluwer Academic Publishers},
  address   = {Dordrecht},
  year      = {2000 (2nd ed. 2013, 3rd ed. 2014)}
}

@book{c7,
  author    = {Y.D. Sergeyev and D.E. Kvasov}, 
  title     = {Deterministic Global Optimization: An Introduction to the Diagonal Approach},
  publisher = {Springer-Verlag, New-York},
  year      = 2017,
  series    = {Springer Briefs in Optimization},
  isbn      = {978-1-4939-7199-2}
}

@article{
	c8,
	author	= {L. M. Rios and N. V. Sahinidis},
	title	= {Derivative-free optimization: a review of algorithms and comparison of software implementations},
	journal	= {Journal of Global Optimization},
	year	= {2013},
  volume  = {56},
  pages   = {1247--1293},
	doi     = {10.1007/s10898-012-9951-y}
}


@Article{c9,
author={C.A. Floudas and C.E. Gounaris},
title={A review of recent advances in global optimization},
journal={Journal of Global Optimization},
year={2009},
volume={45},
number={3},
doi={10.1007/s10898-008-9332-8},
}

@book{c10,
author={Mart{\'i}, Rafael},
editor="Glover, Fred and Kochenberger, Gary A.",
title="Multi-Start Methods",
bookTitle="Handbook of Metaheuristics",
year="2003",
publisher="Springer, US",
address="Boston, MA",
pages="355--368",
doi="10.1007/0-306-48056-5_12",
}

@Article{c11,
author={Krityakierne, T. and Shoemaker, C.A.},
title={{SOMS}: {SurrOgate} {MultiStart} algorithm for use with nonlinear programming for global optimization},
journal={International transactions in operational research},
year={2017},
volume={24},
number={5},
pages={1139--1172}
}


﻿@Article{c12,
author={{\v{Z}}ilinskas, Antanas
and Gillard, Jonathan
and Scammell, Megan
and Zhigljavsky, Anatoly},
title={Multistart with early termination of descents},
journal={Journal of Global Optimization},
year={2021},
volume={79},
number={2},
pages={447--462},
issn={1573--2916},
doi={10.1007/s10898-019-00814-w},
}

﻿@Article{c13,
author={Gao, Yang
and Du, Wenbo
and Yan, Gang},
title={Selectively-informed particle swarm optimization},
journal={Scientific Reports},
year={2015},
month={Mar},
day={19},
volume={5},
number={1},
pages={92--95},
issn={2045--2322},
doi={10.1038/srep09295},
}

@book{c14,
author={Eiben, A.E. and Smith, J.E.},
title="Introduction to evolutionary computing",
year="2015",
publisher = {Springer},
address={Berlin, Heidelberg},
}

@book{c15,
author={Gendreau, M.},
editor={Potvin, J.-Y.},
title="Handbook of metaheuristics",
year="2010",
publisher = {Springer},
address={New-York},
}

@book{c16,
author={Tuy, H.},
title="Convex Analysis and Global Optimization",
year="2016",
publisher = {Springer},
}


﻿@Article{c17,
author={Le Thi, Hoai An
and Pham Dinh, Tao},
title={{DC} programming and {DCA}: thirty years of developments},
journal={Mathematical Programming},
year={2018},
volume={169},
number={1},
pages={5--68},
doi={10.1007/s10107-018-1235-y},
}

@book{c18,
author={Hansen, E.R. and Walster, G.W.},
title={Global optimization using interval analysis: revised and expanded},
year="2003",
publisher = {CRC Press},
address={Boca Raton},
}

﻿@Article{c19,
author={Evtushenko, Yury
and Posypkin, Mikhail},
title={A deterministic approach to global box-constrained optimization},
journal={Optimization Letters},
year={2013},
volume={7},
number={4},
pages={819--829},
doi={10.1007/s11590-012-0452-1},
}


﻿@Article{c20,
author={Paulavi{\v{c}}ius, Remigijus
and {\v{Z}}ilinskas, Julius
and Grothey, Andreas},
title={Parallel branch and bound for global optimization with combination of {Lipschitz} bounds},
journal={Optimization Methods and Software},
year={2011},
publisher={Taylor {\&} Francis},
volume={26},
number={3},
pages={487--498},
doi={10.1080/10556788.2010.551537},
}


﻿@Article{c21,
author={Gimbutas, Albertas
and {\v{Z}}ilinskas, Antanas},
title={An algorithm of simplicial {Lipschitz} optimization with the bi-criteria selection of simplices for the bi-section},
journal={Journal of Global Optimization},
year={2018},
volume={71},
number={1},
pages={115--127},
doi={10.1007/s10898-017-0550-9},
}

﻿@Article{c22,
author={Jones, Donald R.
and Martins, Joaquim R. R. A.},
title={The {DIRECT} algorithm: 25 years Later},
journal={Journal of Global Optimization},
year={2021},
volume={79},
number={3},
pages={521--566},
doi={10.1007/s10898-020-00952-6},
}

@book{
  c23,
  author    = {Sergeyev, Y.D. and Strongin, R.G. and Lera, D.},
  title     = {Introduction to global optimization exploiting space-filling curves},
  publisher = {Springer Briefs in Optimization},
  address   = {Springer, New-York},
  year      = 2013
}

﻿@Article{c25,
author={Rockafellar, R.Tyrrell},
title={Lipschitzian properties of multifunctions},
journal={Nonlinear Analysis: Theory, Methods {\&} Applications},
year={1985},
volume={9},
number={8},
pages={867--885},
}

﻿@Article{c26,
author={Kim, D. S.
and Lee, G. M.
and Sach, P. H.},
title={Hartley Proper Efficiency in Multifunction Optimization},
journal={Journal of Optimization Theory and Applications},
year={2004},
volume={120},
number={1},
pages={129--145},
doi={10.1023/B:JOTA.0000012736.02360.58},
}

@article{
  c27,
  title     = "Accelerating Parallel Multicriterial Optimization Methods Based on Intensive Using of Search Information",
  journal   = "Procedia Computer Science",
  volume    = "108",
  pages     = "1463--1472",
  year      = "2017",
  note      = "{International} Conference on Computational Science, {ICCS} 2017, 12-14 June 2017, Zurich, Switzerland",
  author    = {V.P. Gergel and E.A. Kozinov},
	doi       = {10.1016/j.procs.2017.05.051}
}

@article{
  c28,
  author    = {Gergel, Victor and Kozinov, Evgeny},
  title     = "Efficient multicriterial optimization based on intensive reuse of search information",
  journal   = "J. Glob. Optim.",
  year      = "2018",
  month     = "May",
  day       = "01",
  volume    = "71",
  number    = "1",
  pages     = "73--90",
	doi       = {10.1007/s10898-018-0624-3}
}

﻿@Book{c29,
author={Pardalos, P.
and Zilinskas, Antanas
and {\v{Z}}ilinskas, Julius},
title={Non-Convex Multi-Objective Optimization},
year={2017},
publisher ={Springer Optimization and Its Applications, Springer},
doi={10.1007/978-3-319-61007-8},
}

@book{c30,
  author    = {Collette, Y. and Siarry, P.}, 
  title     = {Multiobjective Optimization: Principles and Case Studies (Decision Engineering)},
  publisher = {Springer-Verlag, Berlin, Heidelberg},
  year      = 2011
}

﻿@Article{c31,
author={Zavadskas, Edmundas
and Turskis, Zenonas
and Kildiene, Simona},
title={State of art surveys of overviews on {MCDM}/{MADM} methods},
journal={Technological and Economic Development of Economy},
year={2014},
volume={20},
pages={165--179},
doi={10.3846/20294913.2014.892037},
}

﻿@Article{c32,
author={Hillermeier, Claus
and Jahn, Johannes},
title={Multiobjective optimization: Survey of methods and industrial applications},
journal={Surveys on Mathematics for Industry},
year={2005},
volume={11},
pages={1--42},
}

@article{
	c33,
	author	= {Eichfelder, G.},
	title	= {Scalarizations for adaptively solving multi-objective optimization problems},
	journal	= {Comput. Optim. Appl.},
	year	= {2009},
  volume  = {44},
  pages   = {249--273},
	doi     = {10.1007/s10589-007-9155-4}, 
}

@article{
	c34,
	author    = {Piyavskii, S.A.},
	title     = {An algorithm for finding the absolute extremum of a function},
	journal   = {Comput. Maths. Math. Phys.},
	volume    = {12},
	number    = {4},
	year      = {1972},
	pages     = {57-67}
}

@article{
	c35,
	author    = {Shubert, B.O.},
	title     = {A sequential method seeking the global maximum of a function},
	journal   = {{SIAM} Journal on Numerical Analysis},
	volume    = {9},
	number    = {3},
	year      = {1972},
	pages     = {379-388}
}

﻿@Article{c36,
author={Gergel, Victor
and Barkalov, Konstantin
and Sysoyev, Alexander},
title={Globalizer: A novel supercomputer software system for solving time-consuming global optimization problems},
journal={Numerical Algebra, Control {\&} Optimization},
year={2018},
volume={8},
pages={47--62},
doi={10.3934/naco.2018003},
}

@article{
	c37,
	author	= {L. Breiman and A. Cutler},
	title	= {A deterministic algorithm for global optimization},
	journal	= {Mathematical Programming},
	year	= {1993},
  volume  = {58},
  pages   = {179--199},
	doi     = {10.1007/BF01581266}, 
}

@article{
  c38,
  author    = {{\v Z}ilinskas, A. and {\v Z}ilinskas, J.},
  title     = "Adaptation of a one-step worst-case optimal univariate algorithm of bi-objective {Lipschitz} optimization to multidimensional problems",
  journal   = {Commun Nonlinear Sci Numer Simulat},
  year      = {2015},
  volume    = {21},
  number    = {1-3},
  pages     = {89--98},
  doi = {10.1016/j.cnsns.2014.08.025}
}

@article{
  c39,
  author    = {Bleuler, S. and Laumanns, M. and Thiele, L. and Zitzler, E.},
  title     = {{PISA-A} Platform and Programming Language Independent Interface for Search Algorithms},
  journal   = {Evolutionary Multi-Criterion Optimization, {LNCS}},
  year      = {2003},
  volume    = {2632},
  pages     = {494--508},
  doi = {10.1007/3-540-36970-8_35}
}

@article{
  c40,
  author    = {Gaviano, M. and Kvasov, D.E. and Lera, D. and Sergeyev, Ya.D.},
  title     = {Software for generation of classes of test functions with known local and global minima for global optimization},
  journal   = {{ACM} Transactions on Mathematical Software},
  volume    = 29,
  number    = 4,
  year      = 2003,
  pages     = {469--480}
}

﻿@article{c41,
author={Balandin, Dmitry
and Kogan, Mark},
title={Multi-Objective Generalized {H2} Control for Optimal Protection from Vibration},
year={2018},
pages={205--210.{ }},
journal = {{UKACC} 12th International Conference on Control ({CONTROL}), Sheffield},
doi={10.1109/CONTROL.2018.8516721},
}


