@ARTICLE{zilinskTornGO,
   author = "{Törn, A., Žilinskas, A.}",
   title = "Global Optimization",
   journal = {Lecture Notes in Computer Science},
   address = {Berlin: Springer-Verlag},
   year = "1989",
   volume = "350",
}

@BOOK{horstTuyGO,
  title     = {Global Optimization: Deterministic Approaches},
  address   = {Berlin},
  publisher = {Springer-Verlag},
  year      = "1990",
  author    = "{Horst, R., Tuy, H.}"
}

@BOOK{zhigljavskyRandGO,
  title     = {Theory of Global Random Search},
  address   = {Dordrecht},
  publisher = {Kluwer Academic Publishers},
  year      = "1991",
  author    = "{Zhigljavsky, A. A.}"
}

@BOOK{pinterGO,
  title     = {Global Optimization in Action (Continuous and Lipschitz Optimization: Algorithms, Implementations and Applications)},
  address   = {Dordrecht},
  publisher = {Kluwer Academic Publishers},
  year      = "1996",
  author    = "{Pintér, J. D.}"
}

@BOOK{strSergGO,
	author    = "{Strongin R.G., Sergeyev Ya.D.}",
	title     = {Global optimization with non-convex constraints. Sequential and parallel algorithms},
	publisher = {Kluwer Academic Publishers},
	address   = {Dordrecht},
	year      = 2000
}

@BOOK{locatelliSchoenGO,
  title     = {Global Optimization: Theory, Algorithms, and Applications},
  publisher = {SIAM},
  year      = "2013",
  author    = "{Locatelli, M., Schoen, F.}"
}

@BOOK{floudasPardGO,
	author    = "{Floudas, C. A., Pardalos, M. P.}",
	title     = {Recent Advances in Global Optimization},
	publisher = {Princeton University Press},
	year      = 2016
}

@BOOK{censorZeniosParGO,
	author    = "{Censor, Y., Zenios, S. A.}",
	title     = {Parallel Optimization: Theory, Algorithms, and Applications},
	publisher = {Oxford University Press},
	year      = 1998
}

@BOOK{ciegisHentyParGO,
	author    = "{Ciegis, R., Henty, D., Kågström, B., Zilinskas, J.}",
	title     = {Parallel Scientific Computing and Optimization: Advances and Applications},
	publisher = {Springer},
	year      = 2009
}

@BOOK{luqueAlbaGA,
	author    = "{Luque, G., Alba, E.}",
	title     = {Parallel Genetic Algorithms. Theory and Real World Applications},
  address   = {Berlin},
	publisher = {Springer-Verlag},
	year      = 2011
}

@BOOK{stronginGergelBarkalovParGO,
	author    = "{Strongin, R. G., Gergel, V. P., Grishagin, V. A., Barkalov, K. A.}",
	title     = {Parallel Computations for Global Optimization Problems},
  address   = {Moscow},
	publisher = {Moscow State University (In Russian)},
	year      = 2013
}

@BOOK{floudasPardalosGOState,
	author    = "{Floudas, C. A., Pardalos, M. P.}",
	title     = {State of the Art in Global Optimization: Computational Methods and Applications},
  address   = {Dordrecht},
	publisher = {Kluwer Academic Publishers},
	year      = 1996
}

@BOOK{fasanoPinter2013,
	author    = "{Fasano, G., Pintér, J. D.}",
	title     = {Modeling and Optimization in Space Engineering},
	publisher = {Springer},
	year      = 2013
}

@BOOK{pardalosZhigljavskyZilinskas2016,
	author    = "{Pardalos, M. P., Zhigljavsky, A. A., Zilinskas, J.}",
	title     = {Advances in Stochastic and Deterministic Global Optimization},
	publisher = {Springer},
	year      = 2016
}

@ARTICLE{kearfott2009,
   author   = "{Kearfott, R. B.}",
   title    = {GlobSol user guide},
   journal  = "Optimization Methods and Software",
   volume   = "24",
   pages    = "687--708",
   year     = "2009"
}

@ARTICLE{linSchrage2009,
   author   = "{Lin, Y., Schrage, L.}",
   title    = {The global solver in the LINDO API},
   journal  = "Optimization Methods and Software",
   pages    = "657--668",
   year     = "2009"
}

@INPROCEEDINGS{iosoDescription,
   author    = "{Egorov, I. N., Kretinin, G. V., Leshchenko, I. A. and Kuptzov, S. V.}",
   title     = "IOSO Optimization Toolkit --- Novel Software to Create Better Design",
   booktitle = "9th AIAA/ISSMO Symposium on Multidisciplinary Analysis and Optimization",
   location  = "Atlanta, Georgia",
   year      = "2002",
   note      = "{http://www.iosotech.com/text/2002\_4329.pdf}"
}

@ARTICLE{sahinidis1996,
   author   = "{Sahinidis, N. V.}",
   title    = "{BARON: A general purpose global optimization software package}",
   journal  = "Journal of global optimization",
   pages    = "201--205",
   year     = "1996",
   volume   = "8",
   issue    = "2"
}

@ARTICLE{mullen2014,
   author   = "{Mullen, K. M.}",
   title    = "{Continuous Global Optimization in R}",
   journal  = "Journal of Statistical Software",
   year     = "2014",
   volume   = "60",
   issue    = "6"
}

@ARTICLE{riosSahinidis2013,
   author   = "{Rios, L. M., Sahinidis, N. V.}",
   title    = "{Derivative-free optimization: a review of algorithms and comparison of software implementations}",
   journal  = "Journal of global optimization",
   year     = "2013",
   volume   = "56",
   pages    = "1247--1293",
   issue    = "3"
}

@ARTICLE{mongeauKarsentyRouze2000,
   author   = "{Mongeau, M.,  Karsenty, H., Rouzé, V., Hiriart-Urruty, J. B.}",
   title    = "{Comparison of public-domain software for black box global optimization}",
   journal  = "Optimization Methods and Software",
   year     = "2000",
   volume   = "13",
   pages    = "203--226",
   issue    = "3"
}

@ARTICLE{pinter2009,
   author   = "{Pintér, J. D.}",
   title    = "{Software Development for Global Optimization}",
   journal  = "Lectures on Global Optimization. Fields Institute Communications",
   year     = "2009",
   volume   = "55",
   pages    = "183--204",
   editor   = "{Pardalos, P. M. and Coleman, T. F.}"
}

@BOOK{venkataraman2009,
	author    = "{Venkataraman, P.}",
	title     = {Applied Optimization with MATLAB Programming},
	publisher = {John Wiley \& Sons},
	year      = 2009
}

@INBOOK{holmstromEdvall2004,
   author   = "{Holmström, K., Edvall, M. M.}",
   chapter  = "{The TOMLAB Optimization Environment}",
   journal  = "Modeling Languages in Mathematical Optimization",
   year     = "2004",
   volume   = "88",
   pages    = "369--376",
   publisher = {Springer}
}

@INBOOK{bussieckMeeraus2004,
  author    = "{Bussieck, M. R., Meeraus, A.}",
  editor    = {J. Kallrath},
  title     = "{Modeling Languages in Mathematical Optimization}",
  chapter   = "{General Algebraic Modeling System (GAMS)}",
  publisher = {Springer},
  year      = {2004},
  pages     = {137--157}
}

@INBOOK{liberti2009,
  author    = "{Liberti, L.}",
  editor    = {J. Kallrath},
  title     = "{Global Optimization: From Theory to Implementation}",
  chapter   = "{Writing Global Optimization Software}",
  publisher = {Springer},
  volume    = "84",
  year      = {2009},
  pages     = {211--262}
}

@BOOK{strongin1978,
	author    = "{Strongin, R. G.}",
	title     = {Numerical Methods in Multi-extremal Problems (Information-Statistical Algorithms)},
	publisher = {Moscow: Nauka (In Russian)},
	year      = 1978
}





@ARTICLE{ARR03,
   author   = {Aiex, Renata M.},
   title    = {Conjectured statistics for the {$q,t$}-{C}atalan numbers},
   journal  = "{A}dv. {M}ath.",
   volume   = "208",
   pages    = "13--26",
   month    = {},
   year     = "2003",
   note     = "",}

@INPROCEEDINGS{HudQ97,
   author = "Hudson Quorn",
   editor = {},
   title = "The resurgent {J}apanese economy and a {J}apan--{U}nited {S}tates free trade agreement",
   booktitle = "4th International Conference on the Restructuring of the Economic and Political System in Japan and Europe",
   location = "Milan, Italy",
   number = "",
   series = "",
   pages ={147--156},
   month = {21--25 May 1996},
   year = "1997",
   address = "Singapore",
   organization = "",
   publisher = "World Scientific",
   note = {},}
