%%
%% References
%%

% WARNING:
%     the following renames of citations keys have taken place in the effort
%     to remove duplicates. As a result some bib keys have disappeared.
%     In case some older works report missing items:
%
%   REMOVED       -> KEPT
%
%   wugipc04      -> wuf04
%   kripke63      -> kripke69
%   la66          -> ISWIM
%   vas05         -> dmf-plc05
%   vassevsew31   -> assl-sew
%   vassevseams07 -> assl-seams
%   PVP07         -> dmf-pdpta07
%   HO98          -> HB99
%   wk07          -> wiki:procedural-modeling
%   gm97          -> gmx97
%   PG01          -> grogono2001
%


%
% Common Strings
%

@string{dcs = "Department of Computer Science, Concordia University"}
@string{cse = "Department of Computer Science and Software Engineering, Concordia University, Montreal, Canada"}
@string{ece = "Department of Electrical and Computer Engineering, Concordia University, Montreal, Canada"}
@string{ciise = "Concordia Institute for Information Systems Engineering, Concordia University, Montreal, Canada"}

@string{aw = "Addison-Wesley"}

@string{ieee = "IEEE"}
@string{ieeecs = "IEEE Computer Society"}
@string{ieeecsshort = "IEEE CS"}
@string{acm = "ACM"}
@string{intel_phi = "Xeon Phi"}

@string{anonauthor = {{Anonymized Author(s)}}}
@string{anonpublisher = {{Anonymized Publisher}}}
@string{anontitle = {Anonymized Title for Blind Reviews}}
@string{anonbooktitle = {Anonymized Proceedings Book Title for Blind Reviews}}

@string{sun = {{Sun Microsystems, Inc.}}}

@string{gipsyrnd = {{The GIPSY Research and Development Group}}}
@string{marfrnd = {{The MARF Research and Development Group}}}


%%
%% Lucid, Intensional Programming, and GIPSY
%%

@article
{
	c1,
	author    = {Barkalov, K. and Gergel, V. and Lebedev, I.},
	title     = {Use of {Xeon Phi} Coprocessor for Solving Global Optimization Problems.},
	journal   = {LNCS},
	volume    = 9251,
	year      = 2015,
	pages     = {307--318}
}

@book
{
	c2,
	author    = {Branke, J. and Deb, K. and Miettinen, K. and Slowinski, R. and (eds.)},
	title     = {Multi-Objective Optimization: In-teractive and Evolutionary Approaches.},
	year      = 2008,
	publisher = {Springer, Berlin}
}

@book
{
	c3,
	author    = {Censor, Y. and Zenios, S.A.},
	title     = {Parallel optimization: Theory, algorithms, and applications.},
	year      = 1997,
	publisher = {Oxford Uni-versity Press}
}

@book
{
	c4,
	author    = {Ciegis, R. and Henty, D. and Kagstrom, B. and Zilinskas, J. and (eds.)},
	title     = {Parallel Scientific Computing and Optimi-zation: Advances and Applications.},
	year      = 2009,
	publisher = {Springer-Verlag New York}
}

@book
{
	c5,
	author    = {Collette, Y. and Siarry, P.},
	title     = {Multiobjective Optimization: Principles and Case Studies (Decision Engi-neering).},
	year      = 2011,
	publisher = {Springer-Verlag, Berlin, Heidelberg}
}

@book
{
	c6,
	author    = {Deb, K.},
	title     = {Multi-Objective Optimization using Evolutionary Algorithms.},
	year      = 2001,
	publisher = {Wiley, Chichester}
}


@book
{
	c7,
	author    = {Ehrgott, M.},
	title     = {Multicriteria Optimization.},
	year      = {2001, 2nd ed., 2010},
	publisher = {Springer-Verlag, Berlin, Heidelberg}
}

@article
{
	c8,
	author    = {Eichfelder, G.},
	title     = {Scalarizations for adaptively solving multi-objective optimization problems},
	journal   = {Comput. Optim.},
	volume    = {44},
	year      = 2009,
	month     = {Appl.},
	pages     = {249--273}
}

@article
{
	c9,
	author    = {Evtushenko, Yu.G. and Posypkin, M.A.},
	title     = {A deterministic algorithm for global multi-objective optimization.},
	journal   = {Optimization Methods and Software},
	volume    = {29},
	number    = {5},
	year      = 2014,
	pages     = {1005--1019}
}

@book
{
	c10,
	author    = {Figueira,J. and Greco, S. and (Ed.)},
	title     = {Multiple criteria decision analysis: State of the art surveys.},
	year      = {2005},
	publisher = {Springer, New York}
}

@book
{
	c11,
	author    = {Floudas, C.A. and Pardalos, M.P.},
	title     = {Recent Advances in Global Optimization.},
	year      = {2016},
	publisher = {Princeton University Press}
}

@article
{
	c12,
	author    = {Gergel, V.},
	title     = {An Unified Approach to Use of Coprocessors of Various Types for Solving Global Op-timization Problems.},
	journal   = {2nd International Conference on Mathematics and Computers in Sciences and in Industry},
	year      = 2015,
	pages     = {13--18},
	doi       = {10.1109/MCSI.2015.18}
}

@article
{
	c13,
	author    = {Gergel, V.P. and Grishagin, V.A. and Gergel, A.V.},
	title     = {Adaptive nested optimization scheme for multidimensional global search.},
	journal   = {Journal of Global Optimization},
	volume    = {66},
	number    = {1},
	year      = 2015,
	pages     = {1--17}
}

@article
{
	c14,
	author    = {Gergel, V. and Kozinov, E.},
	title     = {Efficient Multicriterial Optimization Based on Intensive Reuse of Search Information.},
	journal   = {(to be published)}
}

@article
{
	c15,
	author    = {Gergel, V. and Lebedev, I.},
	title     = {Heterogeneous Parallel Computations for Solving Global Optimization Problems.},
	journal   = {Procedia Computer Science},
	volume    = {66},
	year      = {2015},
	pages     = {53--62},
	doi       = {10.1007/s10898-016-0411-y}
}

@article
{
	c16,
	author    = {Gergel, V. and Sidorov, S.},
	title     = {A Two-Level Parallel Global Search Algorithm for Solution of Computa-tionally Intensive Multiextremal Optimization Problems.},
	journal   = {LNCS},
	volume    = {9251},
	year      = {2015},
	pages     = {505--515},
	doi       = {10.1007/s10898-016-0411-y},
	publisher = {Springer-Verlag Berlin Heidelberg }
}

@article
{
	c17,
	author    = {Grishagin, V.A.},
	title     = {Operating characteristics of some global search algorithms.},
	journal   = {Problems of Stochastic Search.},
	volume    = {7},
	year      = {1978},
	pages     = {198--206},
	publisher = {(In Russian) }
}

@article
{
	c18,
	author    = {Grishagin, V.A. and Sergeyev, Y.D. and Strongin, R.G.},
	title     = {Parallel characteristic algorithms for solving problems of global optimization.},
	journal   = {Journal of Global Optimization},
	volume    = {10},
	year      = {1997},
	pages     = {185--206}
}

@article
{
	c19,
	author    = {Hill, J.D.},
	title     = {A Search Technique for Multimodal Surfaces.},
	journal   = {IEEE Transactions on Systems and Cyber-netics},
	volume    = {5},
	number    = {1},
	year      = {1969},
	pages     = {2--8}
}


@article
{
	c20,
	author    = {Hillermeier, C. and Jahn, J.},
	title     = {Multiobjective optimization: survey of methods and industrial applications. },
	journal   = {Surv. Math. Ind.},
	volume    = {11},
	year      = {2005},
	pages     = {1--42}
}

@book
{
	c21,
	author    = {Horst, R. and Tuy, H.},
	title     = {Global Optimization: Deterministic Approaches.},
	year      = {1990},
	publisher = {Springer-Verlag, Berlin}
}

@book
{
	c22,
	author    = {Koksalan, M.M. and Wallenius, J. and Zionts, S.},
	title     = {Multiple criteria decision making: From early history to the 21st century.},
	year      = {2011},
	publisher = {World Scientific, Singapore}
}

@book
{
	c23,
	author    = {Locatelli, M. and Schoen, F.},
	title     = {Global Optimization: Theory, Algorithms, and Applications.},
	year      = {2013},
	publisher = {SIAM}
}

@book
{
	c24,
	author    = {Luque, G. and Alba, E.},
	title     = {Parallel genetic algorithms: theory and real world applications.},
	year      = {2011},
	publisher = {Springer-Verlag, Berlin, Heidelberg}
}

@article
{
	c25,
	author    = {Mardani, A. and Jusoh, A. and Nor, K. and Khalifah, Z. and Zakwan, N. and Valipour, A.},
	title     = {Multiple criteria decision-making techniques and their applications -- a review of the literature from 2000 to 2014. },
	journal   = {Economic Research-Ekonomska Istrazivanja},
	volume    = {28},
	number    = {1},
	year      = {2015},
	pages     = {516--571},
	doi       = {10.1080/1331677X.2015.1075139}
}

@book
{
	c26,
	author    = {Marler, R.T. and Arora, J.S.},
	title     = {Multi-Objective Optimization: Concepts and Methods for Engineering.},
	year      = {2009},
	publisher = {VDM Verlag}
}

@book
{
	c27,
	author    = {Miettinen, K.},
	title     = {Nonlinear Multiobjective Optimization.},
	year      = {1999},
	publisher = {Springer}
}


@book
{
	c28,
	author    = {Pinter, J.D.},
	title     = {Global optimization inaction (continuous and Lipschitz optimization: algorithms, implementations and applications).},
	year      = {1996},
	publisher = {Kluwer Academic Publishers, Dortrecht}
}

@article
{
	c29,
	author    = {Sergeyev, Y.D. and Grishagin, V.A.},
	title     = {A Parallel Method for Finding the Global Minimum of Univariate Functions.},
	journal   = {Journal of Optimization Theory and Applications},
	volume    = {80},
	number    = {3},
	year      = {1994},
	pages     = {513--536}
}

@article
{
	c30,
	author    = {Sergeyev, Y.D. and Grishagin, V.A.},
	title     = {Parallel Asynchronous Global Search and the Nested Optimization Scheme.},
	journal   = {J. Comput. Anal.},
	volume    = {3},
	number    = {2},
	year      = {2001},
	month     = {Appl.},
	pages     = {123--145}
}

@article
{
	c31,
	author    = {Sergeyev, Y.D. and Kvasov, D.E.},
	title     = {Global search based on efficient diagonal partitions and a set of Lipschitz constants.},
	journal   = {SIAM J. on Optimization},
	volume    = {16},
	number    = {3},
	year      = {2006},
	pages     = {910--937}
}

@book
{
	c32,
	author    = {Sergeyev, Y.D. and Strongin, R.G. and Lera, D.},
	title     = {Introduction to global optimization exploiting space filling curves.},
	year      = {2013},
	publisher = {Springer}
}

@book
{
	c33,
	author    = {Strongin, R.G.},
	title     = {Numerical methods in multiextremal problems: information-statistical algorithms.},
	year      = {1978},
	publisher = {Nauka, Moscow (in Russian)}
}

@book
{
	c34,
	author    = {Strongin, R. and Gergel, V. and Grishagin, V. and Barkalov, K.},
	title     = {Parallel computations for global optimization problems.},
	year      = {2013},
	publisher = {Moscow State University (in Russian)}
}

@book
{
	c35,
	author    = {Strongin, R. and Sergeyev, Ya.},
	title     = {Global optimization with non-convex constraints. Sequential and parallel algorithms.},
	year      = {2000},
	publisher = {Kluwer Academic Publishers, Dordrecht}
}

@book
{
	c36,
	author    = {Siwale, I.},
	title     = {Practical multi-objective programming.},
	year      = {2013},
	publisher = {Technical Report RD-14-2013. Apex Research Limited}
}

@book
{
	c37,
	author    = {Tan, K.C. and Khor, E.F. and Lee, T.H.},
	title     = {Multi-objective Evolutionary Algorithms and Applications.},
	year      = {2005},
	publisher = {Springer-Verlag, London}
}

@book
{
	c38,
	author    = {Torn, A. and Zilinskas, A.},
	title     = {Global Optimization. Lecture Notes in Computer Science 350.},
	year      = {1989},
	publisher = {Springer-Verlag, Berlin}
}

@book
{
	c39,
	author    = {Yang, X.-S.},
	title     = {Nature-inspired metaheuristic algorithms.},
	year      = {2008},
	publisher = {Luniver Press, Frome}
}

@article
{
	c40,
	author    = {Zavadskas, E.K. and Turskis, Z. and Kildiene, S.},
	title     = {Technological and Economic Development of Economy},
	journal   = {SIAM J. on Optimization},
	volume    = {20},
	year      = {2014},
	pages     = {165--179}
}

@book
{
	c41,
	author    = {Zhigljavsky, A.A.},
	title     = {Theory of Global Random Search.},
	year      = {1991},
	publisher = {Kluwer Academic Publishers, Dordrecht}
}

@article
{
	c42,
	author    = {Zilinskas, A. and Zilinskas, J.},
	title     = {Adaptation of a one-step worst-case optimal univariate algorithm of bi-objective Lipschitz optimization to multidimensional problems.},
	journal   = {Commun Nonlinear Sci Numer Simulat},
	volume    = {21},
	year      = {2015},
	pages     = {89--98}
}
