@article
{
	Zaynullin2020,
	author    = {Zaynullin, R.Z. and Koledina, K.F. and Gubaydullin, I.M. and  Akhmetov, A.F. and  Koledin, S.N.},
	title     = {Kinetic Model of Catalytic Gasoline Reforming with Consideration for Changes in the Reaction Volume and Thermodynamic Parameters},
	journal   = {Kinetics and Catalysis},
	volume    = {61},
	year      = {2020},
	pages     = {613 -- 622}
}

@InProceedings{Enikeeva2020,
	author="Enikeeva, L. and Marchenko, M. and Smirnov, D. and Gubaydullin, I.",
	editor="Voevodin, Vladimir
	and Sobolev, Sergey",
	title="Parallel Gravitational Search Algorithm in Solving the Inverse Problem of Chemical Kinetics",
	booktitle="Supercomputing",
	year="2020",
	publisher="Springer International Publishing",
	address="Cham",
	pages="98 -- 109",
	isbn="978-3-030-64616-5"
}



@article
{
	Zainullin2019,
	author = {Zainullin, R. and Zagoruiko, A. and Koledina, K. and Gubaidullin, I. and Faskhutdinova, R.},
	year = {2019},
	pages = {465 -- 473},
	title = {Multicriteria Optimization of the Catalytic Reforming Reactor Unit Using the Genetic Algorithm},
	volume = {19},
	journal = {Kataliz v promyshlennosti}
}

@article
{
	Koledina2019,
	author = {Koledina, K.F. and Gubaidullin, I.M. and Koledin, S.N. and Baiguzina, A.R. and Gallyamova, L.I. and Khusnutdinov, R.I.},
	year = {2019},
	pages = {2146 -- 2151},
	title = {Kinetics and Mechanism of the Synthesis of Benzylbutyl Ether in the Presence of Copper-Containing Catalysts},
	volume = {93},
	journal = {Russian Journal of Physical Chemistry A}
}

@article
{
	Gubaidullin2014,
	author = {Gubaidullin, I. and Koledina, K. and Sayfullina, L.},
	year = {2014},
	pages = {13 -- 24},
	title = {Mathematical modeling of induction period of the olefins hydroalumination reaction by diisobutylaluminiumchloride catalyzed with Cp2ZrCl2},
	volume = {18},
	number = {1},
	journal = {Engineering journal}
}

@article
{
	Enikeeva2021,
	author = {Enikeeva, L.V. and Potemkin, D.I. and Uskov, S.I. and Snytnikov, P.V. and Enikeev, M.R. and Gubaydullin, I.M.},
	year = {2021},
	pages = {111 -- 122},
	title = {Gravitational search algorithm for determining the optimal kinetic parameters of propane pre-reforming reaction},
	volume = {132},
	journal = {Reaction Kinetics, Mechanisms and Catalysis}
}

@article
{
	Chainikova2017,
	author = {Chainikova, E.M. and Yusupova, A.R. and Khursan, S.L. and Teregulova, A.N. and Lobov, A.N. and Abdullin, M.F. and Enikeeva, L.V. and Gubaydullin, I.M. and Safiullin, R.L.},
	title = {Interplay of Conformational and Chemical Transformations of Ortho-Substituted Aromatic Nitroso Oxides: Experimental and Theoretical Study},
	journal = {The Journal of Organic Chemistry},
	volume = {82},
	number = {15},
	pages = {7750 -- 7763},
	year = {2017}
}


@article
{
	Enikeev2020,
	title = {Analysis of corrosion processes kinetics on the surface of metals},
	journal = {Chemical Engineering Journal},
	volume = {383},
	pages = {123131},
	year = {2020},
	author = {Enikeev, M.R. and Potemkin, D.I. and Enikeeva, L.V. and Enikeev, A.R. and Maleeva, M.A. and Snytnikov, P.V. and Gubaydullin, I.M.}
}

@article
{
	Uskov2017,
	author = {Uskov, S.I. and  Enikeeva, L.V. and Potemkin, D. I. and Belyaev, V. D. and Snytnikov, P.V. and Gubaidullin, I.M. and  Kirillov, V. A. and  Sobyanin, V. A.},
	title = {Kinetics of low-temperature steam reforming of propane in a methane excess on a Ni-based catalyst},
	journal = {Catalysis in Industry},
	volume = {9},
	year = {2017},
	pages = {104 -- 109}
}

@article
{
	Uskov2020,
	author = {Uskov, S.I. and Potemkin, D.I. and Enikeeva, L.V. and Snytnikov, P.V. and Gubaydullin, I.M. and Sobyanin, V.A.},
	title = {Propane Pre-Reforming into Methane-Rich Gas over Ni Catalyst: Experiment and Kinetics Elucidation via Genetic Algorithm},
	journal = {Energies},
	volume = {13},
	year = {2020},
	number = {13}
}


@article
{
	Uskov2019,
	title = {Fibrous alumina-based Ni-MOx (M = Mg, Cr, Ce) catalysts for propane pre-reforming},
	journal = {Materials Letters},
	volume = {257},
	pages = {126741},
	year = {2019},
	author = {Uskov, S.I. and Potemkin, D.I. and Kamboj, N. and Snytnikov, P.V. and  Pakharukova,V.P. and Enikeeva, L.V. and Gubaydullin, I.M. and Hussainova, I.}
}


@article
{
  globalizerSystem,
  author    = {Gergel, V.P. and Barkalov, K.A. and Sysoyev, A.V.},
  title     = {A novel supercomputer software system for solving time-consuming global optimization problems},
  journal   = {Numerical Algebra, Control \& Optimization},
  volume    = 8,
  number    = 1,
  year      = 2018,
  pages     = {47-62}
}

@phdthesis
{
  Schlueter2012,
  author="{Schlueter, Martin}",
  title={Nonlinear mixed integer based Optimization Technique for Space Applications},
  school={The University of Birmingham},
  year=2012
}

@article
{
  Gaviano2003,
  author    = {Gaviano, M. and Kvasov, D.E. and Lera, D. and Sergeyev, Ya.D.},
  title     = {Software for generation of classes of test functions with known local and global minima for global optimization},
  journal   = {ACM Transactions on Mathematical Software},
  volume    = 29,
  number    = 4,
  year      = 2003,
  pages     = {469--480}
}

@article
{
  grishaginClass,
  author    = {Grishagin, V.A.},
  title     = {Operating Characteristics of Some Global Search Algorithms},
  journal   = {Problems of Statistical Optimization},
  volume    = 7,
  year      = {1978 (In Russian)},
  pages     = {198--206},
  publisher = {Zinatne},
  address   = {Riga}
}

@article
{
  Storn1997,
  author="Storn, Rainer and Price, Kenneth",
  title="Differential Evolution -- A Simple and Efficient Heuristic for global Optimization over Continuous Spaces",
  journal="Journal of Global Optimization",
  year="1997",
  month="Dec",
  volume="11",
  number="4",
  pages="341--359",
  issn="1573-2916",
}

@article{ SCHLUTER2009,
  title = "Extended ant colony optimization for non-convex mixed integer nonlinear programming",
  journal = "Computers \& Operations Research",
  volume = "36",
  number = "7",
  pages = "2217 - 2229",
  year = "2009",
  issn = "0305-0548",
  author = "Martin Schluter and Jose A. Egea and Julio R. Banga",
}

@book
{
  Strongin2000,
  author    = "{Strongin R.G., Sergeyev Y.D.}",
  title     = {Global optimization with non-convex constraints. Sequential and parallel algorithms},
  publisher = {Kluwer Academic Publishers},
  address   = {Dordrecht},
  year      = 2000
}

@book
{
  Pinter1996,
  author    = {Pinter, J.D.},
  title     = {Global optimization in action (Continuous and Lipschitz Optimization: Algorithms, Implementations and Applications)},
  publisher = {Kluwer Academic Publishers},
  address   = {Dordrecht},
  year      = 1996
}

@book
{
  Pinter2006,
  author    = {Pinter, J.D.},
  title     = {Global Optimization: Scientific and Engineering Case Studies},
  publisher = {Springer},
  address   = {New York},
  year      = 2006
}


@book
{
  Horst1996,
  author    = {Horst, R. and Tuy, H.},
  title     = {Global Optimization -- Deterministic Approaches},
  publisher = {Springer-Verlag},
  address   = {Berlin},
  year      = 1996
}



@article{Evtushenko2013,
  author    = {Evtushenko, Y. and Posypkin, M.},
  title     = {A deterministic approach to global box-constrained optimization},
  journal   = {Optim. Lett.},
  volume    = 7,
  year      = 2013,
  pages     = {819--829}
}

@article
{
  Paulavicius2011,
  author={Paulavi{\v c}ius, R. and {\v Z}ilinskas, J. and Grothey, A.},
  title={Parallel branch and bound for global optimization with combination of Lipschitz bounds},
  journal={Optim. Method. Softw.},
  year={2011},
  volume={26},
  number={3},
  pages={487-498},
}

@INPROCEEDINGS{KennedyEberhart1995,
  author={J. Kennedy and R. Eberhart},
  booktitle={Proceedings of ICNN'95 - International Conference on Neural Networks},
  title={Particle swarm optimization},
  year={1995},
  volume={4},
  number={},
  pages={1942-1948 vol.4},
  month={Nov},
}

@Article{Beiranvand2017,
author="Beiranvand, Vahid and Hare, Warren and Lucet, Yves",
title="Best practices for comparing optimization algorithms",
journal="Optimization and Engineering",
year="2017",
month="Dec",
volume="18",
number="4",
pages="815--848",
}
@article{JSSv060i06,
   author = {Katharine Mullen},
   title = {Continuous Global Optimization in R},
   journal = {Journal of Statistical Software, Articles},
   volume = {60},
   number = {6},
   year = {2014},
   pages = {1--45},
}
@Article{Ali2005,
author="Ali, M. Montaz and Khompatraporn, Charoenchai and Zabinsky, Zelda B.",
title="A Numerical Evaluation of Several Stochastic Algorithms on Selected Continuous Global Optimization Test Problems",
journal="Journal of Global Optimization",
year="2005",
month="Apr",
day="01",
volume="31",
number="4",
pages="635--672",
}

@article{posik2012,
author = {Pošík, Petr and Huyer, Waltraud and Pál, László},
title = {A Comparison of Global Search Algorithms for Continuous Black Box Optimization},
journal = {Evolutionary Computation},
volume = {20},
number = {4},
pages = {509-541},
year = {2012},
}

@article{Kvasov2018,
title = "Metaheuristic vs. deterministic global optimization algorithms: The univariate case",
journal = "Appl. Math. Comput.",
volume = "318",
pages = "245 - 259",
year = "2018",
author = "Kvasov, D.E. and Mukhametzhanov, M.S.",
}

@article{Liberti2005,
title = "Comparison of deterministic and stochastic approaches to global optimization",
journal = "International Transactions in Operational Research",
volume = "12",
pages = "263 - 285",
year = "2005",
author = "Liberti, Leo and Kucherenko, Sergei",
}

@book
{
  Sergeyev2013,
  author    = "{Sergeyev, Y.D., Strongin, R.G., Lera, D.}",
  title     = {Introduction to global optimization exploiting space-filling curves},
  publisher = {Springer Briefs in Optimization},
  address   = {Springer, New York},
  year      = 2013
}

@article
{
  Gergel2009,
  author    = "{Strongin, R.G., Gergel, V.P., Barkalov, K.A.}",
  title     = {Parallel methods for global optimization problem solving},
  journal   = {Journal of instrument engineering},
  volume    = 52,
  year      = "2009 (In Russian)",
  pages     = {25--33}
}

@book
{
  strongin1978,
  author    = {Strongin, R.G.},
  title     = {Numerical Methods in Multiextremal Problems (Information-StatisticalAlgorithms)},
  publisher = {Moscow: Nauka (In Russian)},
  year      = 1978
}

@Article{Price1983,
author="Price, W. L.",
title="Global optimization by controlled random search",
journal="Journal of Optimization Theory and Applications",
year="1983",
month="Jul",
day="01",
volume="40",
number="3",
pages="333--348",
}

@article
{
  Gablonsky2001,
  author    = "{Gablonsky, J.M., Kelley, C.T.}",
  title     = {A locally-biased form of the \uppercase{DIRECT} algorithm},
  journal   = {J. Glob. Optim.},
  volume    = 21,
  number    = 1,
  year      = 2001,
  pages     = {27--37}
}

@Article{Madsen1998,
author="Madsen, Kaj and Zertchaninov, Serguei",
title="A New Branch-and-Bound Method for Global Optimization",
year="1998",
}

@article{Kan1987StochasticGO,
  title={Stochastic global optimization methods part II: Multi level methods},
  author={Alexander H. G. Rinnooy Kan and G. T. Timmer},
  journal={Math. Program.},
  year={1987},
  volume={39},
  pages={57-78}
}

@article{XIANG1997216,
title = "Generalized simulated annealing algorithm and its application to the Thomson model",
journal = "Physics Letters A",
volume = "233",
number = "3",
pages = "216 - 220",
year = "1997",
author = "Y Xiang and D.Y Sun and W Fan and X.G Gong",
}

@ARTICLE{indexMethod,
   author       = "{Markin, D.L., Strongin, R.G.}",
   title        = "A method for solving multi-extremal problems with non-convex constraints, that uses a priori information about estimates of the optimum",
   year         = "1987",
   journal      = "Comp. Math. Math. Phys.",
   volume       = "27(1)",
   pages        = "33--39"
}

@Misc{scipy,
  author =    {Eric Jones and Travis Oliphant and Pearu Peterson and others},
  title =     {{SciPy}: Open source scientific tools for {Python}},
  year =      {2001--},
  url = "http://www.scipy.org/",
  note = {[Online; accessed <24.12.2018>]}
}

@Misc{nlopt,
  author =    {Steven G. Johnson},
  title =     {The NLopt nonlinear-optimization package},
  url = "http://ab-initio.mit.edu/nlopt",
  note = {[Online; accessed <24.12.2018>]}
}

@article{Sergeyev2010,
author = "{Lera, D., Sergeyev, Ya.D.}",
title = {An information global minimization algorithm using the local improvement technique},
journal = {J. Glob. Optim.},
volume = {48},
number = {1},
pages = {99-112},
year = {2010},
}

@article{Sergeyev2006,
author = {Sergeyev, Y.D. and Kvasov, D.E.},
title = {Global Search Based on Efficient Diagonal Partitions and a Set of \uppercase{L}ipschitz Constants},
journal = {SIAM J. Optim.},
volume = {16},
number = {3},
pages = {910-937},
year = {2006},
}

@article{Strongin2018,
author={Strongin, R.G. and Gergel, V.P. and Barkalov, K.A. and Sysoyev, A.V.},
title={Generalized Parallel Computational Schemes for Time-Consuming Global Optimization},
journal={Lobachevskii Journal of Mathematics},
year={2018},
volume={39},
number={4},
pages={576-586}
}

@article{Gergel2017,
title = "Accelerating Parallel Multicriterial Optimization Methods Based on Intensive Using of Search Information",
journal = "Procedia Computer Science",
volume = "108",
pages = "1463 - 1472",
year = "2017",
note = "International Conference on Computational Science, ICCS 2017, 12-14 June 2017, Zurich, Switzerland",
author = "V.P. Gergel and E.A. Kozinov",
}

@Article{Gergel2018,
author="Gergel, V. and Kozinov, E.",
title="Efficient multicriterial optimization based on intensive reuse of search information",
journal="J. Glob. Optim.",
year="2018",
month="May",
day="01",
volume="71",
number="1",
pages="73-90",
}

@article{Sovrasov2018,
title = "Comparison of dimensionality reduction schemes for derivative-free global optimization algorithms",
journal = "Procedia Computer Science",
volume = "136",
pages = "136 - 143",
year = "2018",
note = "7th International Young Scientists Conference on Computational Science, YSC2018, 02-06 July2018, Heraklion, Greece",
author = "Vladislav Sovrasov",
}

@article{Barkalov2019,
title = {Comparison of dimensionality reduction schemes for parallel global optimization algorithms},
journal = {Communications in Computer and Information Science},
volume = {965},
pages = {50-62},
year = {2019},
author = {Barkalov, K. and Lebedev, I. and Sovrasov, V.},
}

@article{Barkalov2016,
title = {Solving multidimensional global optimization problems using graphics accelerators},
journal = {Communications in Computer and Information Science},
volume = {687},
pages = {224-235},
year = {2016},
author = {Barkalov, K. and Lebedev, I.},
}


@article{Grishagin2016,
author={Gergel, V. and Grishagin, V. and Gergel, A.},
title={Adaptive nested optimization scheme for multidimensional global search},
journal={J. Glob. Optim.},
year={2016},
volume={66},
number={1},
pages={35-51},
}

@article{Barkalov2020,
title = {Adaptive Global Optimization Based on Nested Dimensionality Reduction},
journal = {Adv. Intel. Syst. Comput.},
volume = {991},
pages = {48-57},
year = {2020},
author = {Barkalov, K. and Lebedev, I.},
}

@article{Grishagin2018,
title = {Convergence conditions and numerical comparison of global optimization methods based on dimensionality reduction schemes},
journal = {Appl. Math. Comput.},
volume = {318},
pages = {270-280},
year = {2018},
author = {Grishagin, V. and Israfilov, R. and Sergeyev, Ya.D.},
}

@article{Grishagin2016_1,
title = {Comparative efficiency of dimensionality reduction schemes in global optimization},
journal = {AIP Conference Proceedings},
volume = {1776},
pages = {060011},
year = {2016},
author = {Grishagin, V. and Israfilov, R. and Sergeyev, Ya.D.}
}

@INPROCEEDINGS{Barkalov2014,
  author={Barkalov, K.A. and Gergel, V.P.},
  booktitle={OPT-i 2014 -- 1st International Conference on Engineering and Applied Sciences Optimization, Proceedings},
  title={Multilevel scheme of dimensionality reduction for parallel global search algorithms},
  year={2014},
  pages={2111-2124}
}

@article{Grishagin2015,
title = {Local tuning in nested scheme of global optimization},
journal = {Procedia Computer Science},
volume = {51},
number = {1},
pages = {865-874},
year = {2015},
author = {Gergel, V. and Grishagin, V. and Israfilov, R.}
}

@article{Grishagin2001,
title = {Parallel Asynchronous Global Search and the Nested Optimization Scheme},
journal = {J. Comput. Anal. Appl.},
volume = {3},
number = {2},
pages = {123-145},
year = {2001},
author = {Sergeyev, Ya.D. and Grishagin, V.A.}
}

@article{Sergeyev2018,
title = "On the efficiency of nature-inspired metaheuristics in expensive global optimization with limited budget",
journal = "Sci. Rep.",
volume = "8",
number = "1",
pages = "435",
year = "2018",
author = "Sergeyev, Ya.D. and Kvasov, D.E. and Mukhametzhanov, M.S."
}

@book{Yang2013,
  author    = {Yang, X.-S.},
  year      = {2008},
  isbn      = {1905986106, 9781905986101},
  publisher = {Luniver Press},	
  title     = {Nature-inspired metaheuristic algorithms},
  address   = {Frome},
}

@article{Zilinskas2010,
  author    = {Paulavi{\v c}ius, R. and {\v Z}ilinskas, J. and Grothey, A.},
  title     = {Investigation of selection strategies in branch and bound algorithm with simplicial partitions and combination of \uppercase{L}ipschitz bounds},
  journal   = {Optim. Lett.},
  volume    = 4,
	number 	  = 2,
  year      = 2010,
  pages     = {173--183}
}


@ARTICLE{Paulavicius2016,
author			= {Paulavi{\v c}ius, R. and {\v Z}ilinskas, J.},
title				= {Advantages of simplicial partitioning for \uppercase{L}ipschitz optimization problems with linear constraints},
journal			= {Optim. Lett.},
year				= {2016},
volume			= {10},
number			= {2},
pages				= {237-246}
}

@ARTICLE{Paulavicius2014,
author			= {Paulavi{\v c}ius, R. and Sergeyev, Y.D. and Kvasov, D.E. and {\v Z}ilinskas, J.},
title				= {Globally-biased \uppercase{DISIMPL} algorithm for expensive global optimization},
journal			= {J. Glob. Optim.},
year				= {2014},
volume			= {59},
number			= {2-3},
pages				= {545-567}
}

@ARTICLE{Sergeyev2015,
author			= {Sergeyev, Y.D. and Kvasov, D.E.},
title				= {A deterministic global optimization using smooth diagonal auxiliary functions},
journal			= {Commun. Nonlinear. Sci. Numer. Simulat.},
year				= {2015},
volume			= {21},
number			= {1-3},
pages				= {99-111}
}

@book{Zhigljavsky2008,
  author    = {Zhigljavsky, A.A. and {\v Z}ilinskas, A.},
  year      = {2008},
  publisher = {Springer},	
  title     = {Stochastic Global Optimization},
  address   = {New York}
}

@book{Carr1964,
  author    = {Carr, C.R. and Howe, C.W.},
  year      = {1964},
  publisher = {McGraw-Hill},	
  title     = {Quantitative Decision Procedures in Management and Economic: Deterministic Theory and Applications},
  address   = {New York}
}

@ARTICLE{Grishagin1994,
author			= {Sergeyev, Ya.D. and Grishagin, V.A.},
title				= {Sequential and parallel algorithms for global optimization},
journal			= {Optim. Method. Softw.},
year				= {1994},
volume			= {3},
number			=	{1-3},
pages				=	{111-124},
}


@ARTICLE{Grishagin1997,
author			= {Grishagin, V.A. and Sergeyev, Y.D. and Strongin R.G.},
title				= {Parallel characteristical algorithms for solving problems of global optimization },
journal			= {J. Glob. Optim.},
year				= {1997},
volume			= {10},
number			=	{2},
pages				=	{185-206},
}

@ARTICLE{Barkalov2015,
author			= {Barkalov, K. and Gergel, V. and Lebedev, I.},
title				= {Use of \uppercase{X}eon \uppercase{P}hi Coprocessor for Solving Global Optimization Problems},
journal			= {Lecture Notes in Computer Science},
year				= {2015},
volume			= {9251},
pages				=	{307-318},
}

@ARTICLE{Sergeyev2016,
author="{Sergeyev, Y.D., Mukhametzhanov, M.S., Kvasov, D.E., Lera, D.}",
title={Derivative-Free Local Tuning and Local Improvement Techniques Embedded in the Univariate Global Optimization},
journal={J. Optim. Theory Appl.},
year={2016},
volume={171},
number={1},
pages={186-208}
}

@ARTICLE{Jones1993,
author={Jones, D.R. and Perttunen, C.D. and Stuckman, B.E.},
title={Lipschitzian optimization without the \uppercase{L}ipschitz constant},
journal={J. Optim. Theory Appl.},
year={1993},
volume={79},
number={1},
pages={157-181}
}

@ARTICLE{Barkalov2018,
author={Barkalov, K. and Strongin, R.},
title={Solving a set of global optimization problems by the parallel technique with uniform convergence},
journal={J. Glob. Optim.},
year={2018},
volume={71},
number={1},
pages={21-36}
}

@ARTICLE{Kvasov2003,
author="{Kvasov, D.E., Pizzuti, C., Sergeyev, Y.D.}",
title={Local tuning and partition strategies for diagonal \uppercase{GO} methods},
journal={Numer. Math.},
year={2003},
volume={94},
number={1},
pages={93-106}
}

@ARTICLE{Zilinskas2008,
author={ {\v Z}ilinskas, J.},
title={Branch and bound with simplicial partitions for global optimization},
journal={Math. Model. Anal.},
year={2008},
volume={13},
number={1},
pages={145-159}
}

@article{Gergel2016,
author = {Barkalov, K. and Gergel, V. and Lebedev, I. },
title = {Solving global optimization problems on \uppercase{GPU} cluster},
journal = {AIP Conference Proceedings},
volume = {1738},
art_number = {400006},
year = {2016}
}

@ARTICLE{Gergel2003,
author			= {Gergel, V.P. and Strongin, R.G. },
title				= {Parallel Computing for Globally Optimal Decision Making},
journal			= {Lecture Notes in Computer Science},
year				= {2003},
volume			= {2763},
pages				=	{76-88}
}

@ARTICLE{HookJeeves,
author = {Hooke, R. and Jeeves, T.A.},
title = {``\uppercase{D}irect Search'' Solution of Numerical and Statistical Problems},
journal = {J. ACM},
volume = {8},
number = {2},
year = {1961},
pages = {212-229},
numpages = {18}
}

@ARTICLE{Sulimov,
author = {Kutov, D.C. and Sulimov, A.V. and Sulimov, V.B.},
title = {Supercomputer docking: investigation of low energy minima of protein-ligand complexes},
journal = {Supercomputing Frontiers and Innovations},
volume = {5},
number = {3},
pages = {134-137},
year = {2018}
}

@Article{Evtushenko2009,
author= {Evtushenko, Yu.G. and Malkova, V.U. and Stanevichyus, A. A.},
title={Parallel global optimization of functions of several variables},
journal={Comput. Math. Math. Phys.},
year={2009},
volume={49},
number={2},
pages={246-260}
}

@article{Akhmadullina2017,
author = "Akhmadullina, L.F. and Enikeeva, L.V. and Gubaydullin, I.M.",
title = "Numerical methods for reaction kinetics parameters: identification of low-temperature propane conversion in the presence of methane",
journal = "Procedia Engineering",
volume = "201",
pages = "612-616",
year = "2017"
}

@article{Nurislamova2016,
author="Nurislamova, L.F. and Gubaydullin, I.M. and Koledina, K.F. and Safin, R.R.",
title="Kinetic model of the catalytic hydroalumination of olefins with organoaluminum compounds",
journal="Reaction Kinetics, Mechanisms and Catalysis",
year="2016",
volume="117",
number="1",
pages="1--14"
}

@article{Posypkin2014,
author={Abgaryan, K.K. and Posypkin, M.A.},
title={Optimization methods as applied to parametric identification of interatomic potentials},
journal={Comput. Math. Math. Phys.},
year=2014,
volume=54,
number=12,
pages={1929-1935}
}

@article{NelderMead,
author={Nelder, J.A. and  Mead, R.},
title={A Simplex Method for Function Minimization},
journal={Computer Journal},
year=1965,
volume=7,
number=4,
pages={308-313}
}

@ARTICLE{Sysoyev2017,
author={Sysoyev, A. and Barkalov, K. and Sovrasov, V. and Lebedev, I. and Gergel, V.},
title={Globalizer – A parallel software system for solving global optimization problems},
journal={Lecture Notes in Computer Science},
year={2017},
volume={10421},
pages={492-499}
}

@ARTICLE{Kalyulin2017,
author={Kalyulin, S.L. and Shavrina, E.V. and Modorskii, V.Y. and Barkalov, K.A. and Gergel, V.P.},
title={Optimization of Drop Characteristics in a Carrier Cooled Gas Stream Using \uppercase{ANSYS} and \uppercase{G}lobalizer Software Systems on the \uppercase{PNRPU} High-Performance Cluster},
journal={Communications in Computer and Information Science},
year={2017},
volume={753},
pages={331-345}
}

@article{Modorskii2016,
author={Modorskii, V.Y. and Gaynutdinova, D.F. and Gergel, V.P. and Barkalov, K.A.},
title={Optimization in design of scientific products for purposes of cavitation problems},
journal={AIP Conference Proceedings},
year={2016},
volume={1738},
art_number={400013},
doi = {10.1063/1.4952201}
}

@article{
	Sovrasov2019,
	author	= {Sovrasov, V.},
	title	= {Comparison of several stochastic and deterministic derivative-free global optimization algorithms},
	journal	= {Lecture Notes in Computer Science},
	year	= {2019},
	volume	= {11548},
	pages	= {70-81}
}

@ARTICLE{Ferreiro2013,
author={Ferreiro, A.M. and Garcia, J.A. and Lopez-Salas, J.G. and Vazquez, C.},
title={An efficient implementation of parallel simulated annealing algorithm in \uppercase{GPU}s},
journal={J. Glob. Optim.},
year={2013},
volume={57},
number={3},
pages={863-890}
}

@ARTICLE{Garcia2014,
author={Garcia-Martinez, J.M. and Garzon, E.M. and Ortigosa, P.M.},
title={A \uppercase{GPU} implementation of a hybrid evolutionary algorithm: \uppercase{GP}u\uppercase{EGO}},
journal={J. Supercomput.},
year={2014},
volume={70},
number={2},
pages={684-695}
}

@ARTICLE{Langdon2011,
author={Langdon, W.B.},
title={Graphics processing units and genetic programming: an overview},
journal={Soft computing},
year={2011},
volume={15},
number={8},
pages={1657-1669}
}

@book{Hwu2011,
  author    = {Hwu, W.},
  year      = {2011},
  publisher = {Morgan Kaufmann},	
  title     = {GPU Computing Gems: Emerald Edition },
  address   = {San Francisco}
}

@ARTICLE{He2008,
author={He, J. and Verstak, A. and Watson, L.T. and Sosonkina, M.},
title={Design and implementation of a massively parallel version of \uppercase{DIRECT}},
journal={Comput. Optim. Appl.},
year={2008},
volume={40},
number={2},
pages={217-245}
}

@book{Kindratenko2014,
  editor    = {Kindratenko, V.},
  year      = {2014},
  publisher = {Springer},	
  title     = {Numerical computations with GPUs},
  address   = {New York}
}

	
@ARTICLE{Strongin1992,
author={Strongin, R.G.},
title={Algorithms for multiextremal mathematical programming problems employing the set of joint space-filling curves},
journal={J. Glob. Optim.},
year={1992},
volume={2},
pages={357-378}
}


@book{Gendreau2010,
  author    = {Gendreau, M. and Potvin, J.-Y.},
  year      = {2010},
  publisher = {Springer},	
  title     = {Handbook of Metaheuristics},
  address   = {Boston}
}

@book{Eiben2015,
  author    = {Eiben, A.E. and Smith,J.E.},
  year      = {2015},
  publisher = {Springer},	
  title     = {Introduction to Evolutionary Computing},
  address   = {Berlin}
}

@ARTICLE{Piyavskii1972,
   author       = {Piyavskii, S.A.},
   title        = {An Algorithm for Finding the Absolute Extremum of a Function},
   year         = {1972},
   journal      = {Comp. Math. Math. Phys.},
   volume       = {12(4)},
   pages        = {57-67}
}

@ARTICLE{Shubert1972,
   author       = {Shubert, B.O.},
   title        = {A Sequential Method Seeking the Global Maximum of a Function},
   year         = {1972},
   journal      = {SIAM J. Numer. Anal.},
   volume       = {9},
   pages        = {379-388}
}

@ARTICLE{Barkalov2010,
author={Barkalov, K. and Ryabov, V. and Sidorov, S.},
title={Parallel scalable algorithms with mixed local-global strategy for global optimization problems},
journal={Lecture Notes in Computer Science},
year={2010},
volume={6083 LNCS},
pages={232-240},
doi={10.1007/978-3-642-14822-4_26}
}

@ARTICLE{Strongin2020,
author={Strongin, R. and Barkalov, K. and Bevzuk, S.},
title={Global optimization method with dual Lipschitz constant estimates for problems with non-convex constraints},
journal={Soft Computing},
year={2020},
volume={24},
number={16},
pages={11853-11865},
doi={10.1007/s00500-020-05078-1}
}

@article{
    Gergel2019,
    author  = {Gergel, V.P. and Barkalov, K.A and Lebedev, I.G. and Rachinskaya, M.A. and Sysoyev, A.V.},
    title   = {A flexible generator of constrained global optimization test problems},
    journal = {AIP Conference Proceedings},
    year    = {2019},
    volume  = {2070},
    pages   = {20009}
}

@article{
    Gergel2017_2,
    author  = {Gergel, V.P.},
    title   = {An approach for generating test problems of constrained global optimization},
    journal = {Lecture Notes in Computer Science},
    year    = {2017},
    volume  = {10556},
    pages   = {314-319}
}

@article{
    Pugliese,
    author  = {Sergeyev, Y.D. and Famularo, D. and Pugliese, P.},
    title   = {Index Branch-and-Bound Algorithm for Lipschitz univariate global optimization with multiextremal constraints},
    journal = {J. Glob. Optim.},
    year    = {2001},
    volume  = {21},
	number  = {3},
    pages   = {317-341}
}

@article{
    Barkalov2002,
    author  = {Barkalov, K.A. and Strongin, R.G.},
    title   = {A global optimization technique with an adaptive order of checking for constraints},
    journal = {Comput. Math. Math. Phys.},
    year    = {2002},
    volume  = {42},
	  number  = {9},
    pages   = {1289-1300}
}

@article{
    Strongin2003,
    author  = {Strongin, R.G. and Sergeyev, Ya.D.},
    title   = {Global optimization: fractal approach and non-redundant parallelism},
    journal = {J. Glob. Optim.},
    year    = {2003},
    volume  = {27},
	  number  = {1},
    pages   = {25-50}
}

@article{
	NUMTA2019,
	author	= {Strongin, R.G. and Barkalov, K.A. and Bevzuk, S.A.},
	title	= {Acceleration of Global Search by Implementing Dual Estimates for \uppercase{L}ipschitz Constant},
	journal	= {Lecture Notes in Computer Science},
	year	= {2020},
	volume	= {11974}, 
	pages   = {478-486}
}

@article{
	Sergeyev1998,
	author	= {Sergeyev, Y.D.},
	title	= {Global one-dimensional optimization using smooth auxiliary functions},
	journal	= {Math. Program.},
	year	= 1998,
	volume	= 81, 
	pages     = {127-146}
}

@book{
  PaulaviciusZilinskas2014,
  author    = {Paulavi{\v c}ius, R. and {\v Z}ilinskas, J.},
  title     = {Simplicial Global Optimization},
  publisher = {Springer},
  address   = {New York},
  year      = 2014
}

@book{
  Sergeyev2017,
  author    = {Sergeyev, Y.D. and Kvasov, D.E},
  title     = {Deterministic global optimization: An introduction to the diagonal approach},
  publisher = {Springer},
  address   = {New York},
  year      = 2017
}

@book{
  Horst1995,
  author    = {Horst, R. and Pardalos, P.M.},
  title     = {Handbook of Global Optimization},
  publisher = {Kluwer Academic Publishers},
  address   = {Dordrecht},
  year      = 1995
}

@InProceedings{
  Jones2009,
  author    = {Jones, D.R.},
  title     = {The \uppercase{DIRECT} global optimization algorithm},
  booktitle = {The Encyclopedia of Optimization},
  pages     = {725--735},
  year      = 2009,
  publisher = {Springer},
  address   = {Heidelberg},
}

@article{
  Moreau2000,
  author    = {Moreau, L. and Aeyels, D.},
  title     = {Optimization of discontinuous functions: a generalized theory of differentiation},
  journal   = {SIAM J. Optim.},
  volume    = 11,
  number    = 1,
  pages     = {53-69},
  year      = 2000,
}

@article{
  Batukhtin1993,
  author    = {Batukhtin, V.D.},
  title     = {On solving discontinuous extremal problems},
  journal   = {J. Optim. Theory Appl.},
  year      = 1993,
  volume    = 77,
  pages     = {575--589}
}

@article{
  Batukhtin1998,
  author    = {Batukhtin, V.D. and Bigil'deev, S.I. and Bigil'deeva, T.B.},
  title     = {Approximate Gradient Methods and the Necessary Conditions for the Extremum of Discontinuous Functions},
  journal   = {IFAC Proceedings Volumes},
  volume    = 31,
  issue     = 13,
  pages     = {25-34},
  year      = 1998,
}

@article{
  Ban2019,
  author    = {Ban, N. and Yamazaki, W.},
  title     = {Development of efficient global optimization method for discontinuous optimization problems with infeasible regions using classification method},
  journal   = {Journal of Advanced Mechanical Design, Systems, and Manufacturing},
  volume    = 13,
  number    = 1,
  year      = 2019,
}

@InProceedings{
          ZhangXu,
	author = {Jihui Zhang and Junqin Xu},
	title = {A New Differential Evolution for Discontinuous Optimization Problems},
	year = 2007,
	publisher = {IEEE Computer Society},
	booktitle = {Third International Conference on Natural Computation, ICNC 2007}
}

@article{
  Audet,
  author    = {Audet, Charles and Dennis Jr., J.~E.},
  title     = {Analysis of Generalized Pattern Searches},
  journal   = {SIAM J. Optim.},
  volume    = 13,
  number    = 3,
  pages     = {889-903},
  year      = 2003,
}

@book{
  Goldberg,
  author    = {Goldberg, D.E.},
  title     = {Genetic Algorithms in Search, Optimization \& Machine Learning},
  publisher = {Addison-Wesley},
	address   = {Boston},
  year      = 1989
}

@article{
  Kirkpatrick,
  author    = {Kirkpatrick, S. and Gelatt, C.D. and Vecchi, M.P.},
  title     = {Optimization by Simulated Annealing},
  journal   = {Science},
  volume    = 220,
  number    = 4598,
  pages     = {671-680},
  year      = {1983},
}
  
@Misc{
  MatlabOTB,
  key =        {MATLAB Global Optimization Toolbox},
  title =        {MATLAB Global Optimization Toolbox},
  organization = {The MathWorks, Inc},
  url =          "https://www.mathworks.com/help/gads/index.html",
  address =      {Natick, MA, USA},
}


@ARTICLE{Cavoretto2021,
author={Cavoretto, R. and De Rossi, A. and Mukhametzhanov, M.S. and Sergeyev, Y.D.},
title={On the search of the shape parameter in radial basis functions using univariate global optimization methods},
journal={Journal of Global Optimization},
year={2021},
volume={79},
number={2},
pages={305-327},
doi={10.1007/s10898-019-00853-3}
}

@ARTICLE{Kvasov2015,
author={Kvasov, D.E. and Sergeyev, Y.D.},
title={Deterministic approaches for solving practical black-box global optimization problems},
journal={Advances in Engineering Software},
year={2015},
volume={80},
pages={58-66},
doi={10.1016/j.advengsoft.2014.09.014}
}

@ARTICLE{Kvasov2013,
author={Kvasov, D.E. and Sergeyev, Y.D.},
title={Lipschitz global optimization methods in control problems},
journal={Automation and Remote Control},
year={2013},
volume={74},
number={9},
pages={1435-1448},
doi={10.1134/S0005117913090014}
}

@ARTICLE{Sergeyev2020,
author={Sergeyev, Y.D. and Candelieri, A. and Kvasov, D.E. and Perego, R.},
title={Safe global optimization of expensive noisy black-box functions in the $\delta$-Lipschitz framework},
journal={Soft Computing},
year={2020},
volume={24},
number={23},
pages={17715-17735},
doi={10.1007/s00500-020-05030-3}
}

@ARTICLE{Gillard2017,
author={Gillard, J.W. and Kvasov, D.E.},
title={Lipschitz optimization methods for fitting a sum of damped sinusoids to a series of observations},
journal={Statistics and its Interface},
year={2017},
volume={10},
number={1},
pages={59-70},
doi={10.4310/SII.2017.v10.n1.a6}
}

@ARTICLE{Gonoskov2019,
author={Gonoskov, A. and Wallin, E. and Polovinkin, A. and Meyerov, I.},
title={Employing machine learning for theory validation and identification of experimental conditions in laser-plasma physics},
journal={Scientific Reports},
year={2019},
volume={9},
number={1},
doi={10.1038/s41598-019-43465-3},
art_number={7043}
}

@ARTICLE{Carleo2019,
author={Carleo, G. and Cirac, I. and Cranmer, K. and Daudet, L. and Schuld, M. and Tishby, N. and Vogt-Maranto, L. and Zdeborová, L.},
title={Machine learning and the physical sciences},
journal={Reviews of Modern Physics},
year={2019},
volume={91},
number={4},
doi={10.1103/RevModPhys.91.045002},
art_number={045002}
}

@ARTICLE{Golovenkin2020,
author={Golovenkin, S.E. and Bac, J. and Chervov, A. and Mirkes, E.M. and Orlova, Y.V. and Barillot, E. and Gorban, A.N. and Zinovyev, A.},
title={Trajectories, bifurcations, and pseudo-time in large clinical datasets: Applications to myocardial infarction and diabetes data},
journal={GigaScience},
year={2020},
volume={9},
number={11},
pages={1-20},
doi={10.1093/gigascience/giaa128}
}

@ARTICLE{RinnooyKan1987,
author={Rinnooy Kan, A.H.G. and Timmer, G.T.},
title={Stochastic global optimization methods part I: Clustering methods},
journal={Mathematical Programming},
year={1987},
volume={39},
number={1},
pages={27-56},
doi={10.1007/BF02592070}
}

@ARTICLE{Cassioli2012,
author={Cassioli, A. and Di Lorenzo, D. and Locatelli, M. and Schoen, F. and Sciandrone, M.},
title={Machine learning for global optimization},
journal={Computational Optimization and Applications},
year={2012},
volume={51},
number={1},
pages={279-303},
doi={10.1007/s10589-010-9330-x}
}


@ARTICLE{Jin2005,
author={Jin, Y.},
title={A comprehensive survey of fitness approximation in evolutionary computation},
journal={Soft Computing},
year={2005},
volume={9},
number={1},
pages={3-12},
doi={10.1007/s00500-003-0328-5}
}

@ARTICLE{Xu2020,
author={Xu, Y. and Zhang, H. and Li, Y. and Zhou, K. and Liu, Q. and Kurths, J.},
title={Solving Fokker-Planck equation using deep learning},
journal={Chaos},
year={2020},
volume={30},
number={1},
doi={10.1063/1.5132840},
art_number={013133}
}

@ARTICLE{Seleznev2019,
author={Seleznev, A. and Mukhin, D. and Gavrilov, A. and Loskutov, E. and Feigin, A.},
title={Bayesian framework for simulation of dynamical systems from multidimensional data using recurrent neural network},
journal={Chaos},
year={2019},
volume={29},
number={12},
doi={10.1063/1.5128372},
art_number={123115}
}

@ARTICLE{Lagaris1998,
author={Lagaris, I.E. and Likas, A. and Fotiadis, D.I.},
title={Artificial neural networks for solving ordinary and partial differential equations},
journal={IEEE Transactions on Neural Networks},
year={1998},
volume={9},
number={5},
pages={987-1000},
doi={10.1109/72.712178}
}

@ARTICLE{Blechschmidt2021,
author={Blechschmidt, J. and Ernst, O.G.},
title={Three ways to solve partial differential equations with neural networks — A review},
journal={GAMM Mitteilungen},
year={2021},
volume={44},
number={2},
doi={10.1002/gamm.202100006},
art_number={e202100006}
}

@ARTICLE{VanDam2010,
author={Van Dam, E.R. and Husslage, B. and Den Hertog, D.},
title={One-dimensional nested maximin designs},
journal={Journal of Global Optimization},
year={2010},
volume={46},
number={2},
pages={287-306},
doi={10.1007/s10898-009-9426-y}
}

@ARTICLE{Shi2000,
author={Shi, L. and Ólafsson, S.},
title={Nested partitions method for global optimization},
journal={Operations Research},
year={2000},
volume={48},
number={3},
pages={390-407},
doi={10.1287/opre.48.3.390.12436}
}

@book{
  Press,
  author    = {Press, W.H. and Teukolsky, S.A. and Vetterling, W.T. and Flannery, B.P.},
  title     = {Numerical Recipes: The Art of Scientific Computing},
  publisher = {Cambridge University Press},
	address   = {New York},
  year      = {2007}
}
