@article
{
	Evtushenko,
	author    = {Evtushenko, Y},
	title     = {Numerical methods for finding global extreme (case of a non-uniform mesh)},
	journal   = {Comput. Maths. Math. Phys.},
	volume    = {11},
	number    = {6},
	pages     = {38--54}
}

@article
{
	Piyavskii1972,
	author    = {Piyavskii, S.A.},
	title     = {An algorithm for finding the absolute extremum of a function},
	journal   = {Comput. Maths. Math. Phys.},
	volume    = {12},
	number    = {4},
	year      = {1972},
	pages     = {57--67}
}

@article
{
	Strongin1970,
	author    = {Стронгин, Р.Г.},
	title     = {Многоэкстремальная минимизация},
	journal   = {Автоматика и телемеханика},
	volume    = {7},
	year      = {1970},
	pages     = {63--67}
}

@article
{
	Shubert1972,
	author    = {Shubert, B.O.},
	title     = {A sequential method seeking the global maximum of a function},
	journal   = {SIAM Journal on numerical analysis},
	volume    = {9},
	number    = {3},
	year      = {1972},
	pages     = {379-388}
}

@article
{
	Evtushenko2009,
	author= {Evtushenko, Yu.G. and Malkova, V.U. and Stanevichyus, A. A.},
	title={Parallel global optimization of functions of several variables},
	journal={Comput. Math. Math. Phys.},
	year={2009},
	volume={49},
	number={2},
	pages={246-260}
}

@article
{
	Evtushenko2013,
	author    = {Evtushenko, Y. and Posypkin, M.},
	title     = {A deterministic approach to global box-constrained optimization},
	journal   = {Optim. Lett.},
	volume    = {7},
	year      = {2013},
	pages     = {819--829}
}

@book
{
	Strongin2000,
	author    = "{Strongin R.G., Sergeyev Ya.D.}",
	title     = {Global optimization with non-convex constraints. Sequential and parallel algorithms},
	publisher = {Kluwer Academic Publishers},
	address   = {Dordrecht},
	year      = {2000},
	pages     = {704}
}

@book
{
	Sergeyev2013,
	author    = "{Sergeyev, Y.D., Strongin, R.G., Lera, D.}",
	title     = {Introduction to global optimization exploiting space-filling curves},
	publisher = {Springer Briefs in Optimization},
	address   = {Springer, New York},
	year      = {2013}
}

@book
{
	Pinter1996,
	author    = {Pinter, J.D.},
	title     = {Global optimization in action (Continuous and Lipschitz Optimization: Algorithms, Implementations and Applications)},
	publisher = {Kluwer Academic Publishers},
	address   = {Dordrecht},
	year      = {1996},
	pages     = {480}
}

@book
{
	Jones2009,
	author    = "{Jones, D.R.}",
	title     = {The \uppercase{DIRECT} global optimization algorithm},
	booktitle = {The Encyclopedia of Optimization},
	pages     = {725--735},
	year      = {2009},
	publisher = {Springer, Heidelberg},
}

@article
{
	Wood1991,
	author    = {Wood, G.R.},
	title     = {Multidimensional bisection applied to global optimisation},
	journal   = {Comput. Math. Appl.},
	volume    = {21},
	number    = {6-7},
	year      = {1991},
	pages     = {161--172}
}

@article
{
	Meewella1988,
	author    = {Meewella, C.C. and Mayne, D.Q.},
	title     = {An algorithm for global optimization of Lipschitz continuous functions},
	journal   = {J. Optim. Theory Appl.},
	volume    = {57},
	number    = {2},
	year      = {1988},
	pages     = {307--322}
}

@article
{
	Mladineo1986,
	author    = {Mladineo, R.H.},
	title     = {An algorithm for finding the global maximum of a multimodal multivariate function},
	journal   = {Math. Program.},
	volume    = {34},
	number    = {2},
	year      = {1986},
	pages     = {188--200}
}

@article
{
	Vaz2009,
	author    = {Vaz, A. I.F. and Vicente, L.N.},
	title     = {PSwarm: a hybrid solver for linearly constrained global derivative-free optimization},
	journal   = {Optimization Methods and Software},
	volume    = {24},
	number    = {4-5},
	year      = {2009},
	pages     = {669--685}
}

@article
{
	Stripinis2019,
	author			= {Stripinis, R. and Paulavi{\v c}ius, R. and {\v Z}ilinskas, J.},
	title			= {Penalty functions and two-step selection procedure based \uppercase{DIRECT}-type algorithm for constrained global optimization},
	journal			= {J. Struct Multidisc Optim},
	year			= {2019},
	volume			= {59},
	number			= {6},
	pages     		= {2155}
}

@article
{
	Paulavicius2016,
	author			= {Paulavi{\v c}ius, R. and {\v Z}ilinskas, J.},
	title			= {Advantages of simplicial partitioning for \uppercase{L}ipschitz optimization problems with linear constraints},
	journal			= {Optim. Lett.},
	year			= {2016},
	volume			= {10},
	number			= {2},
	pages			= {237-246}
}

@article
{
	Pillo2012,
	author			= {Di Pillo, G. and Lucidi, S. and Rinaldi, F.},
	title			= {An approach to constrained global optimization based on exact penalty functions},
	journal			= {J Glob Optim},
	year			= {2012},
	volume			= {54},
	pages			= {251}
}

@article
{
	Pillo2016,
	author			= {Di Pillo, G. and Liuzzi, G. and Lucidi, S.},
	title			= {A \uppercase{DIRECT}-type approach for derivative-free constrained global optimization},
	journal			= {Comput Optim Appl},
	year			= {2016},
	volume			= {65},
	pages			= {361}
}

@article
{
	Barkalov2017_1,
	author    = {Barkalov, K. and Lebedev, I.},
	title     = {Comparing two approaches for solving constrained global optimization problems},
	journal   = {Lecture Notes in Computer Science},
	volume    = {10556},
	year      = {2017},
	pages     = {301--306}
}

@article
{
	Barkalov2017_2,
	author    = {Barkalov, K. and Lebedev, I.},
	title     = {Parallel algorithm for solving constrained global optimization problems},
	journal   = {Lecture Notes in Computer Science},
	volume    = {10421},
	year      = {2017},
	pages     = {396--404}
}

@article
{
	Sergeyev2006,
	author 	= {Sergeyev, Y.D. and Kvasov, D.E.},
	title 	= {Global Search Based on Efficient Diagonal Partitions and a Set of \uppercase{L}ipschitz Constants},
	journal = {SIAM J. Optim.},
	volume 	= {16},
	number 	= {3},
	pages 	= {910-937},
	year 	= {2006},
}

@article
{
	Zilinskas2008,
	author	= {{\v Z}ilinskas, J.},
	title	= {Branch and bound with simplicial partitions for global optimization},
	journal	= {Math. Model. Anal.},
	year	= {2008},
	volume	= {13},
	number	= {1},
	pages	= {145-159}
}

@article
{
	Sovrasov2019,
	author	= {Sovrasov, V},
	title	= {Comparison of several stochastic and deterministic derivative-free global optimization algorithms},
	journal	= {Lecture Notes in Computer Science},
	year	= {2019},
	volume	= {11548},
	pages	= {70-81}
}