
@ARTICLE{Menniti2008,
   author       = "{D. E. Kvasov, D. Menniti, A. Pinnarelli, Ya. D. Sergeyev and N. Sorrentino}",
   title        = "Tuning fuzzy power-system stabilizers in multi-machine systems by global optimization algorithms based on efficient domain partitions",
   year         = "2008",
   journal      = "Electric Power Systems Research",
   volume       = "78(7)",
   pages        = "1217--1229"
}

@ARTICLE{Kvasov2015,
   author       = "{D. E. Kvasov and Ya. D. Sergeyev}",
   title        = "Deterministic approaches for solving practical black-box global optimization problems",
   year         = "2015",
   journal      = "Advances in Engineering Software",
   volume       = "80",
   pages        = "58--66"
}

@ARTICLE{Modorskii2017,
   author       = "{S. L. Kalyulin, E. V. Shavrina, V. Y. Modorskii, K. A. Barkalov and V. P. Gergel}",
   title        = "Optimization of Drop Characteristics in a Carrier Cooled Gas Stream Using ANSYS and Globalizer Software Systems on the PNRPU High-Performance Cluster",
   year         = "2017",
   journal      = "Communications in Computer and Information Science",
   volume       = "753",
   pages        = "331--345"
}

@BOOK{Floudas1999,
   author       = {C. A. Floudas and others},
   year         = "1999",
   title        = {Handbook of test problems in local and global optimization},
   publisher    = {Kluwer Academic Publishers},
   address      = "Dordrecht",
}

@ARTICLE{Gaviano2003,
   author       = "{M. Gaviano, D. E. Kvasov, D. Lera and Ya. D. Sergeyev}",
   title        = "Software for generation of classes of test functions with known local and global minima for global optimization",
   year         = "2003",
   journal      = "ACM TOMS",
   volume       = "29(4)",
   pages        = "469--480"
}

@ARTICLE{Ali2005,
   author       = "{M. M. Ali, C. Khompatraporn and Z.B. Zabinsky}",
   title        = "A numerical evaluation of several stochastic algorithms on selected continuous global optimization test problems",
   year         = "2005",
   journal      = "J. Glob. Optim.",
   volume       = "31(4)",
   pages        = "635--672"
}

@ARTICLE{Addis2007,
   author       = "{B. Addis and M. Locatelli}",
   title        = "A new class of test functions for global optimization",
   year         = "2007",
   journal      = "J. Glob. Optim.",
   volume       = "38(3)",
   pages        = "479--501"
}

@BOOK{Strongin2000,
   author       = {R. G. Strongin and Ya. D. Sergeyev},
   year         = "2000",
   title        = {Global optimization with non-convex constraints. Sequential and parallel algorithms.},
   publisher    = {Kluwer Academic Publishers},
   address      = "Dordrecht"
}

@ARTICLE{Strongin1985,
   author       = "{R. G. Strongin}",
   title        = "Numerical methods for multiextremal nonlinear programming problems with nonconvex constraints",
   year         = "1985",
   journal      = "Lecture Notes in Economics and Mathematical Systems",
   volume       = "255",
   pages        = " 278--282"
}

@ARTICLE{Strongin1986,
   author    = "{R. G. Strongin and D. L. Markin}",
   title     = "Minimization of multiextremal functions with nonconvex constraints",
   journal = "Cybernetics",
   pages     = "486--493",
   year      = "1986",
   volume    = "22(4)",
}

@ARTICLE{Strongin1987,
   author       = "{D. L. Markin and R. G. Strongin}",
   title        = "A method for solving multi-extremal problems with non-convex constraints, that uses a priori information about estimates of the optimum",
   year         = "1987",
   journal      = "Journal of Computational Mathematics and Mathematical Physicsl",
   volume       = "27(1)",
   pages        = "33--39"
}

@ARTICLE{Strongin1991,
   author       = "{R. G. Strongin}", 
   title        = "Parallel multi-extremal optimization using a set of evolvents",
   year         = "1991",
   journal      = "Computational Mathematics and Mathematical Physics",
   volume       = "31(8)",
   pages        = "37--46"
}

@ARTICLE{Strongin1992,
   author       = "{R. G. Strongin}",
   title        = "Algorithms for multi-extremal mathematical programming problems employing the set of joint space-filling curves",
   year         = "1992",
   journal      = "Journal of Global Optimization ",
   volume       = "2",
   pages        = "357--378"
}

@ARTICLE{Sergeyev1995,
   author       = "{Y. D. Sergeyev and D. L. Markin}",
   title        = "An algorithm for solving global optimization problems with nonlinear constraints",
   year         = "1995",
   journal      = "Journal of Global Optimization",
   volume       = "4(4)",
   pages        = "407--419"
}

@ARTICLE{Sergeyev2001,
   author       = "{Y. D. Sergeyev, D. Famularo, and P. Pugliese}",
   title        = "Index Branch-and-Bound Algorithm for Lipschitz univariate global optimization with multiextremal constraints",
   year         = "2001",
   journal      = "J. Glob. Optim.",
   volume       = "21(3)",
   pages        = "317--341"
}

@ARTICLE{Barkalov2002,
   author       = "{K. A. Barkalov and R. G. Strongin}",
   title        = "A global optimization technique with an adaptive order of checking for constraints",
   year         = "2002",
   journal      = "Comp. Math. Math. Phys.",
   volume       = "42(9)",
   pages        = "1289--1300"
}

@ARTICLE{Sergeyev2003,
   author       = "{Y. D. Sergeyev, P. Pugliese, and D. Famularo}",
   title        = "Index information algorithm with local tuning for solving multidimensional global optimization problems with multiextremal constraints",
   year         = "2003",
   journal      = "Mathematical Programming",
   volume       = "96(3)",
   pages        = "489--512"
}

@ARTICLE{Sergeyev2006,
   author       = "{Y. D. Sergeyev}",
   title        = "Univariate global optimization with multiextremal non-differentiable constraints without penalty functions",
   year         = "2006",
   journal      = "Computational Optimization and Applications",
   volume       = "34(2)",
   pages        = "229--248"
}

@ARTICLE{Sergeyev2007,
   author       = "{Y. D. Sergeyev, D. E. Kvasov, and F. M. H. Khalaf}",
   title        = "A one-dimensional local tuning algorithm for solving GO problems with partially defined constraints",
   year         = "2007",
   journal      = "Optimization Letters",
   volume       = "1(1)",
   pages        = "85--99"
}

@ARTICLE{Grishagin1994,
   author       = "{Y. D. Sergeyev and V. A. Grishagin}",
   title        = "Sequential and parallel algorithms for global optimization",
   year         = "1994",
   journal      = "Optimization Methods and Software",
   volume       = "3",
   pages        = "111--124"
}

@ARTICLE{Grishagin1997,
   author       = "{V. A. Grishagin, Y. D. Sergeyev, and R. G. Strongin}",
   title        = "Parallel characteristical global optimization algorithms",
   year         = "1997",
   journal      = "Journal of Global Optimization",
   volume       = "10",
   pages        = "185--206"
}

@ARTICLE{Gergel1999,
   author       = "{V. P. Gergel and Y. D. Sergeyev}",
   title        = "Sequential and parallel global optimization algorithms using derivatives",
   year         = "1999",
   journal      = "Computers \& Mathematics with Applications",
   volume       = "37(4/5)",
   pages        = "163--180"
}


@ARTICLE{Sergeyev1999,
   author       = "{Y. D. Sergeyev}",
   title        = "Parallel information algorithm with local tuning for solving multidimensional GO problems",
   year         = "1999",
   journal      = "Journal of Global Optimization",
   volume       = "15(2)",
   pages        = "157--167"
}

@ARTICLE{Gergel2003,
   author       = "{V. P. Gergel and R. G. Strongin}",
   title        = "Parallel computing for globally optimal decision making ",
   year         = "2003",
   journal      = "Lecture Notes in Computer Science",
   volume       = "2763",
   pages        = "76--88"
}

@ARTICLE{Strongin2003,
   author       = "{R. G. Strongin and Y. D. Sergeyev}",
   title        = "Global optimization: Fractal approach and non-redundant parallelism",
   year         = "2003",
   journal      = "Journal of Global Optimization",
   volume       = "27(1)",
   pages        = "25--50"
}

@ARTICLE{Gergel2005,
   author       = "{V. P. Gergel and R. G. Strongin}",
   title        = "Parallel computing for globally optimal decision making on cluster systems ",
   year         = "2005",
   journal      = "Future Generation Computer Systems",
   volume       = "21(5)",
   pages        = "673--678"
}

@ARTICLE{Barkalov2010,
   author       = "{K. Barkalov, V. Ryabov, and S. Sidorov}",
   title        = "Parallel scalable algorithms with mixed local-global strategy for global optimization problems",
   year         = "2010",
   journal      = "Lecture Notes in Computer Science",
   volume       = "6083",
   pages        = "232--240"
}

@ARTICLE{Barkalov2015,
   author       = "{K. Barkalov, V. Gergel, and I. Lebedev}",
   title        = "Use of Xeon Phi coprocessor for solving global optimization problems",
   year         = "2015",
   journal      = "Lecture Notes in Computer Science",
   volume       = "9251",
   pages        = "307--318"
}

@ARTICLE{Barkalov2016,
   author       = "{K. Barkalov and V. Gergel}",
   title        = "Parallel Global Optimization on GPU",
   year         = "2016",
   journal      = "J. Glob. Optim.",
   volume       = "66(1)",
   pages        = "3--20"
}

@ARTICLE{Grishagin2015,
   author       = "{V. Gergel, V. Grishagin, and R. Israfilov}",
   title        = "Local tuning in nested scheme of global optimization",
   year         = "2015",
   journal      = "Procedia Computer Science",
   volume       = "51",
   pages        = "865--874"
}

@ARTICLE{Gergel2017,
   author       = "{V. Gergel}",
   title        = "An Approach for Generating Test Problems of Constrained Global Optimization",
   year         = "2017",
   journal      = "Lecture Notes in Computer Science",
   volume       = "10556",
   pages        = "314--319"
}

@ARTICLE{Paulavicius2014,
   author       = "{R. Paulavi\v cius, Y. Sergeyev, D. Kvasov, J. \v Zilinskas, J.}",
   title        = "Globally-biased DISIMPL algorithm for expensive global optimization",
   year         = "2014",
   journal      = "J. Glob. Optim.",
   volume       = "59(2-3)",
   pages        = "545--567"
}

@ARTICLE{Sergeyev2015,
   author       = "{Y.D. Sergeyev, D.E. Kvasov}",
   title        = "A deterministic global optimization using smooth diagonal auxiliary functions",
   year         = "2015",
   journal      = "Commun. Nonlinear Sci. Numer. Simulat.",
   volume       = "21(1-3)",
   pages        = "99--111"
}

@ARTICLE{Sergeyev2017,
   author       = "{Ya.D. Sergeyev, D.E. Kvasov, M.S. Mukhametzhanov}",
   title        = "Emmental-Type GKLS-Based Multiextremal Smooth Test Problems with Non-linear Constraints",
   year         = "2017",
   journal      = "Lecture Notes in Computer Science",
   volume       = "10556",
   pages        = "383--388"
}

@ARTICLE{Grishagin2018,
   author       = "{V. Grishagin, R. Israfilov, Y. Sergeyev}",
   title        = "Convergence conditions and numerical comparison of global optimization methods based on dimensionality reduction schemes",
   year         = "2018",
   journal      = "Applied Mathematics and Computation",
   volume       = "318",
   pages        = "270--280"
}
