% This file was created with JabRef 2.6.
% Encoding: Cp1252

@INPROCEEDINGS{Baeck:92,
  author = {Thomas Back and Hans-Paul Schwefel},
  title = {Evolutionary algorithms: Some very old strategies for optimization
	and adaptation},
  booktitle = {New Computing Techniques in Physics Research II},
  year = {1992},
  editor = {D. Perret-Gallix},
  address = {Singapore},
  publisher = {World Scientific}
}

@ARTICLE{Deb:2002,
  author = {Deb, K. and Pratap, A. and Agarwal, S. and Meyarivan, T.},
  title = {A fast and elitist multiobjective genetic algorithm: {NSGA-II}},
  journal = {Evolutionary Computation, IEEE Transactions on},
  year = {2002},
  volume = {6},
  pages = {182-197},
  number = {2},
  month = {Apr},
  doi = {10.1109/4235.996017},
  issn = {1089-778X}
}

@BOOK{Goldberg:89,
  title = {Genetic Algorithms in Search, Optimization and Machine Learning},
  publisher = {Addison-Wesley},
  year = {1989},
  author = {David Edward Goldberg},
  address = {Reading, Massachusetts},
  month = jan
}

@comment{jabref-meta: selector_publisher:}

@comment{jabref-meta: selector_author:}

@comment{jabref-meta: selector_journal:}

@comment{jabref-meta: selector_keywords:}

