@article{fio_bib1,
    author = {Ferreiro, A M and Garcia, J A and Lopez-Salas, J G and Vazquez, C},
    title = {An efficient implementation of parallel simulated annealing algorithm in GPUs},
    journal = {Journal of global optimization},
    volume = {57},
    number = {3},
    pages = {863-890},
    year = {2013}
}

@article{fio_bib2,
    author = {Garcia-Martinez, J M and Garzon, E M and Ortigosa, P M},
    title = {A GPU implementation of a hybrid evolutionary algorithm: GPuEGO},
    journal = {Journal of super-computing},
    volume = {70},
    number = {2},
    pages = {684-695},
    year = {2014}
}

@article{fio_bib3,
    author = {Langdon, W B},
    title = {Graphics processing units and genetic programming: an overview},
    journal = {Soft Computing},
    volume = {15},
    number = {8},
    pages = {1657-1669},
    year = {2011}
}

%\bibitem{fio_bib4}
%Евтушенко Ю.Г., Малкова В.У., Станевичюс А.А. Параллельный поиск глобального экстремума функций многих переменных // Ж. вычисл. матем. и матем. физ. — 2009. — Т. 49, №2. — С. 255–269.
%
@article{fio_bib4,
    author = "{Yu. G. Evtushenko, V. U. Malkova, A. A. Stanevichyus}",
    title = {Parallel global optimization of functions of several variables},
    journal = {Computational Mathematics and Mathematical Physics},
    volume = {49},
    number = {2},
    pages = {246–260},
    year = {2009}
}

@article{fio_bib5,
    author = {He, J and Verstak, A and Watson, L T and Sosonkina, M},
    title = {Design and implementation of a mas-sively parallel version of DIRECT},
    journal = {Computational optimization and applications},
    volume = {40},
    number = {2},
    pages = {217-245},
    year = {2008}
}

@article{fio_bib6,
    author = {Paulavicius, R and Zilinskas, J and Grothey, A},
    title = {Parallel branch and bound for global optimiza-tion with combination of Lipschitz bounds},
    journal = {Optimization methods and software},
    volume = {26},
    number = {3},
    pages = {487-498},
    year = {2011}
}

@article{fio_bib11,
    author = {Gergel, V P},
    title = {A global optimization algorithm for multivariate functions with lipschitzian first derivatives},
    journal = {Journal of Global Optimization},
    volume = {10},
    number = {3},
    pages = {257-281},
    year = {1997}
}

@article{fio_bib12,
    author = {Barkalov, K A},
    title = {A global optimization technique with an adaptive order of checking for constraints},
    journal = {Computational Mathematics and Mathematical Physics},
    volume = {42},
    number = {9},
    pages = {1289-1300},
    year = {2002}
}

@article{fio_bib13,
    author = {Gaviano, M and Lera, D and Kvasov, D E and Sergeyev, Y D},
    title = {Software for generation of classes of test functions with known local and global minima for global optimization},
    journal = {ACM Transactions on Mathematical Software},
    volume = {29},
    pages = {469-480},
    year = {2003}
}

%\bibitem{fio_bib14}
%Химмельблау  Прикладное нелинейное программирование // М.: Мир - 1975 - 536 с. 
%
@book{fio_bib14,
    author = "{D. Himmelblau}",
    title = {Applied Nonlinear Programming},
    publisher = {Mir Publishers},
    year = {1975},
    pages  = {536}
}

@article{fio_bib15,
    author = {Nelder, J and Mead, R},
    title = {A simplex method for function minimization},
    journal = {Computer Journal},
    volume = {7},
    number = {4},
    pages = {308-313},
    year = {1965}
}

@misc{fio_bib16,
  title     =   "OpenCV (Open Source Computer Vision) documentation",
  url       =   "https://docs.opencv.org/4.x/dc/dd6/ml_intro.html",
  note      =   "(accessed: 10 July 2022)"
}

%\bibitem{fio_bib17}
%Сергеев,  Диагональные методы глобальной оптимизации / Я.Д. Сергеев, Д.Е. Квасов – М.: Физматлит, 2008. – 352 c.
%
@book{fio_bib17,
  author        = "{Ya.D. Sergeev, D.E. Kvasov}",
  title         = "Diagonal Global Optimization Methods",
  publisher     = "Fizmatlit",
  year          = "2008",
  pages       = "352"
}


@article{fio_bib18,
    author = {Sysoyev, A and Barkalov, K and Sovrasov, V and Lebedev, I and Gergel, V},
    title = {Globalizer – A parallel software system for solving global optimization problems},
    journal = {Lecture Notes in Computer Science},
    volume = {10421},
    number = {LNCS},
    pages = {492-499},
    year = {2017}
}


@article{fio_bib19,
    author = {Sergeyev, Y D and Kvasov, D E},
    title = {Global search based on efficient diagonal partitions and a set of Lipschitz constants},
    journal = {SIAM Journal on Optimization},
    volume = {16},
    number = {3},
    pages = {910-937},
    year = {2006}
}


%\bibitem{fio_bib20}
%Стронгин Р.Г. Параллельные вычисления в задачах глобальной оптимизации / Стронгин Р.Г., Гергель В.П., Гришагин В.А., Баркалов К.А. – М.: Издательство Московского университета, 2013. 280 с.
%
@book{fio_bib20,
  author        = "{R.G. Strongin, V.P. Gergel, V.A. Grishagin, K.A. Barkalov }",
  title         = "Parallel Computations in Global Optimization Problems",
  publisher     = "Izd. Mosk. Gos. Univ.",
  year          = "2013",
  pages       = "280"
}

@book{
  Brahmbhatt2013,
  author    = {Samarth Brahmbhatt},
  title     = {Practical OpenCV (Technology in Action)},
  publisher = {Apress},
  address   = {New York},
  year      = 2013
}