
@article
{
    Strongin2013,
	author = "{Стронгин Р.Г., Гергель В.П., Гришагин В.А., Баркалов К.А.}",
	title = {Параллельные вычисления в задачах глобальной оптимизации. М.:},
	journal = {Издательство МГУ},
	year = {2013},
	volume = {280 c},
%	pages = {280},
%	number = {52},
%	month = {March},
	publisher = {Publisher}
}

@article
{
    Sergeyev2013,
	author = "{Sergeyev Y.D., Strongin R.G., Lera D.}",
	title = {Introduction to global optimization exploiting space-filling curves.},
	journal = {New York: Springer},
	year = {2013},
	volume = {125 p},
%	pages = {125},
%	number = {52},
%	month = {March},
	publisher = {Publisher}
}

@article
{
    GKLS,
	author = "{Сергеев Я.Д., Квасов Д.Е.}",
	title = {Диагональные методы глобальной оптимизации.},
	journal = {М.: ФИЗМАТЛИТ},
	year = {2008},
	volume = {352 с},
%	pages = {352},
%	number = {52},
%	month = {March},
	publisher = {Publisher}
}



