@book{
	strOptBook,
	author    = "{Strongin R.G., Sergeyev Ya.D.}",
	title     = {Global optimization with non-convex constraints. Sequential and parallel algorithms},
	publisher = {Kluwer Academic Publishers},
	address   = {Dordrecht},
	year      = 2000
}
@article{
	mixedAlg,
	author    = "{Markin, D.L., Strongin, R.G.}",
	title     = {A method for solving multi-extremal problems with non-convex constraints, that uses a priori information about estimates of the optimum},
	journal   = {Computational Mathematics and Mathematical Physics},
	volume    = 27,
	number    = 1,
	year      = 1987,
	pages     = {33--39}
}
@book{
	evolvents2013,
	author    = "{Sergeyev, Y.D., Strongin, R.G., Lera, D.}",
	title     = {Introduction to Global Optimization Exploiting Space-Filling Curves},
	publisher = {Springer Briefs in Optimization},
	address   = {Springer, New York},
	year      = 2013
}
@book{
	optParallelBook,
	author    = "{Strongin, R.G., Gergel, V.P., Grishagin, V.A., Barkalov, K.A.}",
	title     = {Parallel Computing for Global Optimization Problems},
	publisher = {Moscow University Press},
	address   = {Moscow (in Russian)},
	year      = 2013
}
@article{
	markinStrongin1993,
	author    = "{Markin, D.L., Strongin, R.G.}",
	title     = {Uniform estimates for the set of weakly effective points in multi-extremum multicriterion optimization problems},
	journal   = {Computational Mathematics and Mathematical Physics},
	volume    = 33,
	number    = 2,
	year      = 1993,
	pages     = {171--179}
}
@article{barkalovLebedev2016,
author = {Konstantin Barkalov and Ilya Lebedev},
title = {Local tuning in multilevel scheme of parallel global optimization},
journal = {AIP Conference Proceedings},
volume = {1776},
number = {1},
pages = {060006},
year = {2016}
}
@phdthesis{fonseca1995,
    title    = {Multiobjective Genetic Algorithms with Application to Control Engineering Problems},
    school   = {The University of Sheffield, UK},
    author   = {Fonseca, C. M.},
    year     = {1995},
}
@online{valedhuizenSuite,
author = {Van Valedhuizen},
title  = {7 Multi-Objective Problems (Van Valedhuizen's test suite)},
date   = {2017-07},
url    = {https://uk.mathworks.com/matlabcentral/fileexchange/46744-7-multi-objective-problems--van-valedhuizen-s-test-suite-}
}
