@ARTICLE{Famularo1999,
   author       = "{D. Famularo, P. Pugliese and Ya. D. Sergeyev}",
   title        = "A global optimization technique for checking parametric robustness",
   year         = "1999",
   journal      = "Automatica",
   volume       = "35",
   pages        = "1605--1611"
}

@ARTICLE{Menniti2008,
   author       = "{D. E. Kvasov, D. Menniti, A. Pinnarelli, Ya. D. Sergeyev and N. Sorrentino}",
   title        = "Tuning fuzzy power-system stabilizers in multi-machine systems by global optimization algorithms based on efficient domain partitions",
   year         = "2008",
   journal      = "Electric Power Systems Research",
   volume       = "78(7)",
   pages        = "1217--1229"
}

@BOOK{Floudas1999,
   author       = {C. A. Floudas et al.},
   year         = 1999,
   title        = {Handbook of test problems in local and global optimization},
   publisher    = { Kluwer Academic Publishers},
   address      = "Dordrecht",
}

@ARTICLE{Strongin1985,
   author       = "{R. G. Strongin}",
   title        = "Numerical methods for multiextremal nonlinear programming problems with nonconvex constraints",
   year         = "1985",
   journal      = "Lecture Notes in Economics and Mathematical Systems",
   volume       = "255",
   pages        = " 278--282"
}

@ARTICLE{Strongin1986,
   author    = "{R. G. Strongin and D. L. Markin}",
   title     = "Minimization of multiextremal functions with nonconvex constraints",
   journal = "Cybernetics",
   pages     = "486--493",
   year      = "1986",
   volume    = "22(4)",
}

@ARTICLE{Strongin1987,
   author       = "{D. L. Markin and R. G. Strongin}",
   title        = "A method for solving multi-extremal problems with non-convex constraints, that uses a priori information about estimates of the optimum",
   year         = "1987",
   journal      = "Journal of Computational Mathematics and Mathematical Physicsl",
   volume       = "27(1)",
   pages        = "33--39"
}

@ARTICLE{Strongin1991,
   author       = "{R. G. Strongin}", 
   title        = "Parallel multi-extremal optimization using a set of evolvents",
   year         = "1991",
   journal      = "Computational Mathematics and Mathematical Physics",
   volume       = "31(8)",
   pages        = "37--46"
}

@ARTICLE{Strongin1992,
   author       = "{R. G. Strongin}",
   title        = "Algorithms for multi-extremal mathematical programming problems employing the set of joint space-filling curves",
   year         = "1992",
   journal      = "Journal of Global Optimization ",
   volume       = "2",
   pages        = "357--378"
}

@ARTICLE{Sergeyev1995,
   author       = "{Y. D. Sergeyev and D. L. Markin}",
   title        = "An algorithm for solving global optimization problems with nonlinear constraints",
   year         = "1995",
   journal      = "Journal of Global Optimization",
   volume       = "4(4)",
   pages        = "407--419"
}

@ARTICLE{Sergeyev2001,
   author       = "{Y. D. Sergeyev, D. Famularo, and P. Pugliese}",
   title        = "Index Branch-and-Bound Algorithm for Lipschitz univariate global optimization with multiextremal constraints",
   year         = "2001",
   journal      = "Journal of Global Optimization",
   volume       = "21(3)",
   pages        = "317--341"
}

@ARTICLE{Barkalov2002,
   author       = "{K. A. Barkalov and R. G. Strongin}",
   title        = "A global optimization technique with an adaptive order of checking for constraints",
   year         = "2002",
   journal      = "Computational Mathematics and Mathematical Physics",
   volume       = "42(9)",
   pages        = "1289--1300"
}

@ARTICLE{Sergeyev2003,
   author       = "{Y. D. Sergeyev, P. Pugliese, and D. Famularo}",
   title        = "Index information algorithm with local tuning for solving multidimensional global optimization problems with multiextremal constraints",
   year         = "2003",
   journal      = "Mathematical Programming",
   volume       = "96(3)",
   pages        = "489--512"
}

@ARTICLE{Sergeyev2006,
   author       = "{Y. D. Sergeyev}",
   title        = "Univariate global optimization with multiextremal non-differentiable constraints without penalty functions",
   year         = "2006",
   journal      = "Computational Optimization and Applications",
   volume       = "34(2)",
   pages        = "229--248"
}

@ARTICLE{Sergeyev2007,
   author       = "{Y. D. Sergeyev, D. E. Kvasov, and F. M. H. Khalaf}",
   title        = "A one-dimensional local tuning algorithm for solving GO problems with partially defined constraints",
   year         = "2007",
   journal      = "Optimization Letters",
   volume       = "1(1)",
   pages        = "85--99"
}

@ARTICLE{Grishagin1994,
   author       = "{Y. D. Sergeyev and V. A. Grishagin}",
   title        = "Sequential and parallel algorithms for global optimization",
   year         = "1994",
   journal      = "Optimization Methods and Software",
   volume       = "3",
   pages        = "111--124"
}

@ARTICLE{Grishagin1997,
   author       = "{V. A. Grishagin, Y. D. Sergeyev, and R. G. Strongin}",
   title        = "Parallel characteristical global optimization algorithms",
   year         = "1997",
   journal      = "Journal of Global Optimization",
   volume       = "10",
   pages        = "185--206"
}

@ARTICLE{Gergel1999,
   author       = "{V. P. Gergel and Y. D. Sergeyev}",
   title        = "Sequential and parallel global optimization algorithms using derivatives",
   year         = "1999",
   journal      = "Computers \& Mathematics with Applications",
   volume       = "37(4/5)",
   pages        = "163--180"
}


@ARTICLE{Sergeyev1999,
   author       = "{Y. D. Sergeyev}",
   title        = "Parallel information algorithm with local tuning for solving multidimensional GO problems",
   year         = "1999",
   journal      = "Journal of Global Optimization",
   volume       = "15(2)",
   pages        = "157--167"
}

@ARTICLE{Gergel2003,
   author       = "{V. P. Gergel and R. G. Strongin}",
   title        = "Parallel computing for globally optimal decision making ",
   year         = "2003",
   journal      = "Lecture Notes in Computer Science",
   volume       = "2763",
   pages        = "76--88"
}

@ARTICLE{Strongin2003,
   author       = "{R. G. Strongin and Y. D. Sergeyev}",
   title        = "Global optimization: Fractal approach and non-redundant parallelism",
   year         = "2003",
   journal      = "Journal of Global Optimization",
   volume       = "27(1)",
   pages        = "25--50"
}

@ARTICLE{Gergel2005,
   author       = "{V. P. Gergel and R. G. Strongin}",
   title        = "Parallel computing for globally optimal decision making on cluster systems ",
   year         = "2005",
   journal      = "Future Generation Computer Systems",
   volume       = "21(5)",
   pages        = "673--678"
}

@ARTICLE{Barkalov2010,
   author       = "{K. Barkalov, V. Ryabov, and S. Sidorov}",
   title        = "Parallel scalable algorithms with mixed local-global strategy for global optimization problems",
   year         = "2010",
   journal      = "Lecture Notes in Computer Science",
   volume       = "6083",
   pages        = "232--240"
}

@ARTICLE{Barkalov2015,
   author       = "{K. Barkalov, V. Gergel, and I. Lebedev}",
   title        = "Use of Xeon Phi coprocessor for solving global optimization problems",
   year         = "2015",
   journal      = "Lecture Notes in Computer Science",
   volume       = "9251",
   pages        = "307--318"
}

@ARTICLE{Grishagin2015,
   author       = "{V. Gergel, V. Grishagin, and R. Israfilov}",
   title        = "Local tuning in nested scheme of global optimization",
   year         = "2015",
   journal      = "Procedia Computer Science",
   volume       = "51",
   pages        = "865--874"
}

@ARTICLE{Hill,
   author       = "{J. D. Hill}",
   title        = "A search technique for multimodal surfaces",
   year         = "1969",
   journal      = "IEEE Transactions on Systems Science and Cybernetics",
   volume       = "5(1)",
   pages        = "2--8"
}
