@article
{
  globalizerSystem,
  author    = "{Gergel V.P., Barkalov K.A., and Sysoyev A.V.}",
  title     = {A novel supercomputer software system for solving time-consuming global optimization problems},
  journal   = {Numerical Algebra, Control \& Optimization},
  volume    = 8,
  number    = 1,
  year      = 2018,
  pages     = {47--62}
}

@phdthesis
{
  Schlueter2012,
  author="{Schlueter, Martin}",
  title={Nonlinear mixed integer based Optimization Technique for Space Applications},
  school={The University of Birmingham},
  year=2012
}

@article
{
  Gaviano2003,
  author    = "{Gaviano, M., Kvasov, D.E., Lera, D., Sergeev, Ya.D.}",
  title     = {Software for generation of classes of test functions with known local and global minima for global optimization},
  journal   = {ACM Transactions on Mathematical Software},
  volume    = 29,
  number    = 4,
  year      = 2003,
  pages     = {469--480}
}

@article
{
  grishaginClass,
  author    = {Grishagin, V.A.},
  title     = {Operating Characteristics of Some Global Search Algorithms},
  journal   = {Problems of Statistical Optimization},
  volume    = 7,
  year      = {1978 (In Russian)},
  pages     = {198--206},
  publisher = {Zinatne},
  address   = {Riga}
}

@article
{
  Storn1997,
  author="Storn, Rainer and Price, Kenneth",
  title="Differential Evolution -- A Simple and Efficient Heuristic for global Optimization over Continuous Spaces",
  journal="Journal of Global Optimization",
  year="1997",
  month="Dec",
  volume="11",
  number="4",
  pages="341--359",
  issn="1573-2916",
}

@article{ SCHLUTER2009,
  title = "Extended ant colony optimization for non-convex mixed integer nonlinear programming",
  journal = "Computers \& Operations Research",
  volume = "36",
  number = "7",
  pages = "2217 - 2229",
  year = "2009",
  issn = "0305-0548",
  author = "Martin Schluter and Jose A. Egea and Julio R. Banga",
}

@book
{
  strSergGO,
  author    = "{Strongin R.G., Sergeyev Ya.D.}",
  title     = {Global optimization with non-convex constraints. Sequential and parallel algorithms},
  publisher = {Kluwer Academic Publishers},
  address   = {Dordrecht},
  year      = 2000
}

@article
{
  Evtushenko2013,
  author    = "{Evtushenko, Y., Posypkin, M.}",
  title     = {A deterministic approach to global box-constrained optimization},
  journal   = {Optim. Lett.},
  volume    = 7,
  year      = 2013,
  pages     = {819--829}
}

@InProceedings
{
  Jones2009,
  author    = "{Jones, D.R.}",
  title     = {The direct global optimization algorithm},
  booktitle = {The Encyclopedia of Optimization},
  pages     = {725--735},
  year      = {2009},
  publisher = {Springer, Heidelberg},
}

@article
{
  Paulavicius2011,
  author="{Paulavivcius, R., Zilinskas, J., Grothey, A.}",
  title="Parallel branch and bound for global optimization with combination of Lipschitz bounds",
  journal="Optim. Methods Softw.",
  year="1997",
  volume="26",
  number="3",
  pages="487--498",
}

@INPROCEEDINGS{KennedyEberhart1995,
  author={J. Kennedy and R. Eberhart},
  booktitle={Proceedings of ICNN'95 - International Conference on Neural Networks},
  title={Particle swarm optimization},
  year={1995},
  volume={4},
  number={},
  pages={1942-1948 vol.4},
  month={Nov},
}
@Article{Beiranvand2017,
author="Beiranvand, Vahid and Hare, Warren and Lucet, Yves",
title="Best practices for comparing optimization algorithms",
journal="Optimization and Engineering",
year="2017",
month="Dec",
volume="18",
number="4",
pages="815--848",
}
@article{JSSv060i06,
   author = {Katharine Mullen},
   title = {Continuous Global Optimization in R},
   journal = {Journal of Statistical Software, Articles},
   volume = {60},
   number = {6},
   year = {2014},
   pages = {1--45},
}
@Article{Ali2005,
author="Ali, M. Montaz and Khompatraporn, Charoenchai and Zabinsky, Zelda B.",
title="A Numerical Evaluation of Several Stochastic Algorithms on Selected Continuous Global Optimization Test Problems",
journal="Journal of Global Optimization",
year="2005",
month="Apr",
day="01",
volume="31",
number="4",
pages="635--672",
}

@article{posik2012,
author = {Pošík, Petr and Huyer, Waltraud and Pál, László},
title = {A Comparison of Global Search Algorithms for Continuous Black Box Optimization},
journal = {Evolutionary Computation},
volume = {20},
number = {4},
pages = {509-541},
year = {2012},
}

@article{KVASOV2018245,
title = "Metaheuristic vs. deterministic global optimization algorithms: The univariate case",
journal = "Applied Mathematics and Computation",
volume = "318",
pages = "245 - 259",
year = "2018",
author = "Dmitri E. Kvasov and Marat S. Mukhametzhanov",
}

@article{Liberti2005,
title = "Comparison of deterministic and stochastic approaches to global optimization",
journal = "International Transactions in Operational Research",
volume = "12",
pages = "263 - 285",
year = "2005",
author = "Liberti, Leo and Kucherenko, Sergei",
}

@book
{
  sergeyevStronginLera2013,
  author    = "{Sergeyev, Y.D., Strongin, R.G., Lera, D.}",
  title     = {Introduction to Global Optimization Exploiting Space-Filling Curves},
  publisher = {Springer Briefs in Optimization},
  address   = {Springer, New York},
  year      = 2013
}

@article
{
  Gergel2009,
  author    = "{Strongin, R.G., Gergel, V.P., Barkalov, K.A.}",
  title     = {Parallel methods for global optimization problem solving},
  journal   = {Journal of instrument engineering},
  volume    = 52,
  year      = "2009 (In Russian)",
  pages     = {25--33}
}

@book
{
  strongin1978,
  author    = {Strongin, R.G.},
  title     = {Numerical Methods in Multiextremal Problems (Information-StatisticalAlgorithms)},
  publisher = {Moscow: Nauka (In Russian)},
  year      = 1978
}

@Article{Price1983,
author="Price, W. L.",
title="Global optimization by controlled random search",
journal="Journal of Optimization Theory and Applications",
year="1983",
month="Jul",
day="01",
volume="40",
number="3",
pages="333--348",
}

@article
{
  Gablonsky2001,
  author    = "{Gablonsky, J.M., Kelley, C.T.}",
  title     = {A locally-biased form of the DIRECT algorithm},
  journal   = {J. Glob. Optim.},
  volume    = 21,
  number    = 1,
  year      = 2001,
  pages     = {27--37}
}

@Article{Madsen1998,
author="Madsen, Kaj and Zertchaninov, Serguei",
title="A New Branch-and-Bound Method for Global Optimization",
year="1998",
}

@article{Kan1987StochasticGO,
  title={Stochastic global optimization methods part II: Multi level methods},
  author={Alexander H. G. Rinnooy Kan and G. T. Timmer},
  journal={Math. Program.},
  year={1987},
  volume={39},
  pages={57-78}
}

@article{XIANG1997216,
title = "Generalized simulated annealing algorithm and its application to the Thomson model",
journal = "Physics Letters A",
volume = "233",
number = "3",
pages = "216 - 220",
year = "1997",
author = "Y Xiang and D.Y Sun and W Fan and X.G Gong",
}

@ARTICLE{indexMethod,
   author       = "{Markin, D.L., Strongin, R.G.}",
   title        = "A method for solving multi-extremal problems with non-convex constraints, that uses a priori information about estimates of the optimum",
   year         = "1987",
   journal      = "Computational Mathematics and Mathematical Physics",
   volume       = "27(1)",
   pages        = "33--39"
}

@Misc{scipy,
  author =    {Eric Jones and Travis Oliphant and Pearu Peterson and others},
  title =     {{SciPy}: Open source scientific tools for {Python}},
  year =      {2001--},
  url = "http://www.scipy.org/",
  note = {[Online; accessed <24.12.2018>]}
}

@Misc{nlopt,
  author =    {Steven G. Johnson},
  title =     {The NLopt nonlinear-optimization package},
  url = "http://ab-initio.mit.edu/nlopt",
  note = {[Online; accessed <24.12.2018>]}
}

@article{SergeyevKvasov2006,
author = {Sergeyev, Y. and Kvasov, D.},
title = {Global Search Based on Efficient Diagonal Partitions and a Set of Lipschitz Constants},
journal = {SIAM Journal on Optimization},
volume = {16},
number = {3},
pages = {910-937},
year = {2006},
}

@Article{Strongin2018,
author="Strongin, R. G. and Gergel, V. P. and Barkalov, K. A. and Sysoyev, A. V.",
title="Generalized Parallel Computational Schemes for Time-Consuming Global Optimization",
journal="Lobachevskii Journal of Mathematics",
year="2018",
month="May",
day="01",
volume="39",
number="4",
pages="576--586",
}

@article{GERGEL2017,
title = "Accelerating Parallel Multicriterial Optimization Methods Based on Intensive Using of Search Information",
journal = "Procedia Computer Science",
volume = "108",
pages = "1463 - 1472",
year = "2017",
note = "International Conference on Computational Science, ICCS 2017, 12-14 June 2017, Zurich, Switzerland",
author = "V.P. Gergel and E.A. Kozinov",
}

@Article{Gergel2018,
author="Gergel, Victor
and Kozinov, Evgeny",
title="Efficient multicriterial optimization based on intensive reuse of search information",
journal="Journal of Global Optimization",
year="2018",
month="May",
day="01",
volume="71",
number="1",
pages="73--90",
}

@article{SOVRASOV2018,
title = "Comparison of dimensionality reduction schemes for derivative-free global optimization algorithms",
journal = "Procedia Computer Science",
volume = "136",
pages = "136 - 143",
year = "2018",
note = "7th International Young Scientists Conference on Computational Science, YSC2018, 02-06 July2018, Heraklion, Greece",
author = "Vladislav Sovrasov",
}
