%%
%% References
%%

@book
{
  strSergGO,
  author    = "{Strongin R.G., Sergeyev Ya.D.}",
  title     = {Global optimization with non-convex constraints. Sequential and parallel algorithms},
  publisher = {Kluwer Academic Publishers},
  address   = {Dordrecht},
  year      = 2000
}

@book
{
  optHandbook,
  author    = "{Horst, R., Pardalos, P.M.}",
  title     = {Handbook of Global Optimization},
  publisher = {Kluwer Academic Publishers},
  address   = {Dordrecht},
  year      = 1995
}

@article
{
  nestedLocal,
  author  = "{Gergel, V., Grishagin, V., Israfilov, R.}",
  title   = {Local tuning in nested scheme of global optimization},
  journal = {Procedia Computer Science},
  year    = 2015,
  volume  = 51,
  pages   = {865â€“-874}
}

@article
{
  sergLocalTuning,
  author  = "{Sergeyev, Y.D., Mukhametzhanov, M.S., Kvasov, D.E.}",
  title   = {Derivative-Free Local Tuning and Local Improvement Techniques Embedded in the Univariate Global Optimization},
  journal = {J Optim Theory Appl},
  year    = 2016,
  pages   = {1--23}
}

@InProceedings
{
  gergel2010,
  author    = "{Gergel, A.V.}",
  title     = {Parallel methods of multiextremal optimization with adaptive descision rules},
  booktitle = {Proceedings of conference of high perfomance computing on cluster systems (HPC-2010)},
  pages     = {152--159},
  year      = {2010},
  address   = {Perm},
  publisher = {PGTU publishers (In Russian)},
}

@article
{
  gergelGrishaginStringin2013,
  author  = "{Gergel, A.V., Grishagin, V.A., Strongin, R.G.}",
  title   = {Development of the parallel adaptive multistep reduction method},
  journal = {Vestn. Lobachevsky State Univ. Nizhni Novgorod},
  year    = 2013,
  volume  = 6,
  issue   = 1,
  pages   = {216--222}
}


@article
{
  grishaginClass,
  author    = {Grishagin, V.A.},
  title     = {Operating Characteristics of Some Global Search Algorithms},
  journal   = {Problems of Statistical Optimization},
  volume    = 7,
  year      = {1978 (In Russian)},
  pages     = {198--206},
  publisher = {Zinatne},
  address   = {Riga}
}

@article
{
  Gaviano2003,
  author    = "{Gaviano, M., Kvasov, D.E., Lera, D., Sergeev, Ya.D.}",
  title     = {Software for generation of classes of test functions with known local and global minima for global optimization},
  journal   = {ACM Transactions on Mathematical Software},
  volume    = 29,
  number    = 4,
  year      = 2003,
  pages     = {469--480}
}

@article
{
  sergLocalTuningFirst,
  author    = "{Sergeev, Ya.D.}",
  title     = {An information global optimization algorithm with local tuning},
  journal   = {SIAM Journal on Optimization},
  volume    = 5,
  number    = 4,
  year      = 1995,
  pages     = {390--407}
}

@article
{
  butzCurves,
  author    = "{Butz, A.R.}",
  title     = {Space-Filling Curves and Mathematical Programming},
  journal   = {Inform. Control},
  volume    = 12,
  number    = 4,
  year      = 1968,
  pages     = {314--330}
}

@article
{
  mixedAlg,
  author    = "{Markin, D.L., Strongin, R.G.}",
  title     = {A method for solving multi-extremal problems with non-convex constraints, that uses a priori information about estimates of the optimum},
  journal   = {Computational Mathematics and Mathematical Physics},
  volume    = 27,
  number    = 1,
  year      = 1987,
  pages     = {33--39}
}

@article
{
  Strongin1992,
  author    = "{R. G. Strongin}",
  title     = {Algorithms for multi-extremal mathematical programming problems employing a set of joint space-filling curves},
  journal   = {J. Glob. Optim.},
  volume    = 2,
  year      = 1992,
  pages     = {357--378}
}

@article
{
  Strongin1991,
  author    = "{R. G. Strongin}",
  title     = {Parallel multi-extremal optimization using a set of evolvents},
  journal   = {Comp. Math. Math. Phys.},
  volume    = 31,
  number    = 8,
  year      = 1991,
  pages     = {37--46}
}

@article
{
  Gergel2009,
  author    = "{Strongin, R.G., Gergel, V.P., Barkalov, K.A.}",
  title     = {Parallel methods for global optimization problem solving},
  journal   = {Journal of instrument engineering},
  volume    = 52,
  year      = "2009 (In Russian)",
  pages     = {25--33}
}

@article
{
  globalizerSystem,
  author    = "{Gergel V.P., Barkalov K.A., and Sysoyev A.V.}",
  title     = {A novel supercomputer software system for solving time-consuming global optimization problems},
  journal   = {Numerical Algebra, Control \& Optimization},
  volume    = 8,
  number    = 1,
  year      = 2018,
  pages     = {47--62}
}

@article
{
  Sergeyev2006,
  author    = "{Sergeyev, Ya.D., Kvasov, D.E.}",
  title     = {Global search based on efficient diagonal partitions and a set of Lipschitz constants},
  journal   = {SIAM J. Optim.},
  volume    = 16,
  number    = 3,
  year      = 2006,
  pages     = {910--937}
}

@article
{
  SergeyevKvasov2015,
  author    = "{Sergeyev, Ya.D., Kvasov, D.E.}",
  title     = {A deterministic global optimization using smooth diagonal auxiliary functions},
  journal   = {Communications in Nonlinear Science and Numerical Simulation},
  volume    = 21,
  number    = "1-3",
  year      = 2015,
  pages     = {99--111}
}

@article
{
  Zilinskas2008,
  author    = "{\v Zilinskas, J.}",
  title     = {Branch and bound with simplicial partitions for global optimization},
  journal   = {Math. Model. Anal.},
  volume    = 13,
  number    = 1,
  year      = 2008,
  pages     = {145--159}
}

@article
{
  Zilinskas2014,
  author    = "{Paulavi\v cius, R., \v Zilinskas, J.}",
  title     = {Simplicial Lipschitz optimization without the Lipschitz constant},
  journal   = {J. Glob. Optim.},
  volume    = 59,
  number    = 1,
  year      = 2014,
  pages     = {23--40}
}

@InProceedings
{
  Jones2009,
  author    = "{Jones, D.R.}",
  title     = {The direct global optimization algorithm},
  booktitle = {The Encyclopedia of Optimization},
  pages     = {725--735},
  year      = {2009},
  publisher = {Springer, Heidelberg},
}

@article
{
  Gablonsky2001,
  author    = "{Gablonsky, J.M., Kelley, C.T.}",
  title     = {A locally-biased form of the DIRECT algorithm},
  journal   = {J. Glob. Optim.},
  volume    = 21,
  number    = 1,
  year      = 2001,
  pages     = {27--37}
}

@article
{
  Evtushenko2013,
  author    = "{Evtushenko, Y., Posypkin, M.}",
  title     = {A deterministic approach to global box-constrained optimization},
  journal   = {Optim. Lett.},
  volume    = 7,
  year      = 2013,
  pages     = {819--829}
}

@InProceedings
{
  Goryachih2017,
  author    = "{Goryachih, A.}",
  title     = {A Class of Smooth Modification of Space-Filling Curves for Global Optimization Problems},
  booktitle = {Models, Algorithms, and Technologies for Network Analysis. NET 2016},
  pages     = {152--159},
  year      = {2017},
  publisher = {Springer, Cham},
}

@book
{
  strongin1978,
  author    = {Strongin, R.G.},
  title     = {Numerical Methods in Multiextremal Problems (Information-StatisticalAlgorithms)},
  publisher = {Moscow: Nauka (In Russian)},
  year      = 1978
}

@book
{
  stronginGergelBarkalovParGO,
  author    = "{Strongin, R.G., Gergel, V.P., Grishagin, V.A., Barkalov, K.A.}",
  title     = {Parallel Computations for Global Optimization Problems},
  publisher = {Moscow University Press},
  address   = {Moscow (in Russian)},
  year      = 2013
}

@book
{
  sergeyevStronginLera2013,
  author    = "{Sergeyev, Y.D., Strongin, R.G., Lera, D.}",
  title     = {Introduction to Global Optimization Exploiting Space-Filling Curves},
  publisher = {Springer Briefs in Optimization},
  address   = {Springer, New York},
  year      = 2013
}

@book
{
  zilinskTornGO,
  author    = "{A. T\"orn and A. \v Zilinskas}",
  title     = {lobal Optimization},
  publisher = {Springer},
  year      = 1989
}

% EOF
