@book{c1,
  author    = {Miettinen, K.}, 
  title     = "Nonlinear multiobjective optimization",
  publisher = {Springer},
  year      = 1998,
  isbn      = {978-1-4613-7544-9}
}
@book{c2,
  author    = {Ehrgott, M.}, 
  title     = {Multicriteria optimization},
  publisher = {Springer-Verlag, Berlin, Heidelberg},
  year      = 2005,
  isbn      = {978-3-540-27659-3}
}
@book{c3,
  author    = {Collette, Y. and Siarry, P.}, 
  title     = {Multiobjective optimization: principles and case studies (decision engineering)},
  publisher = {Springer-Verlag, Berlin, Heidelberg},
  year      = 2011
}
@book{c4,
author = {Marler, R. and Arora, J.},
year = {2009},
pages = {},
title = {Multi-objective optimization: concepts and methods for engineering},
journal = {VDM Verlag}
}
@book{c5,
  author    = {Pardalos, P.M. and {\v Z}ilinskas, A. and {\v Z}ilinskas, J.}, 
  title     = {Non-convex multi-objective optimization},
  publisher = {Springer},
  year      = 2017,
  volume    = 123,
  isbn      = {978-3-319-61005-4}
}
@article{c6,
	author	= {Marler, R.T. and Arora, J.S.},
	title	= {Survey of multi-objective optimization methods for engineering},
	journal	= {Structural and Multidisciplinary Optimization},
	year	= {2004},
  volume  = {26},
  pages   = {369--395},
	doi     = {10.1007/s00158-003-0368-6}
}

@book{c7,
author = {Greco, S. and Ehrgott, M. and Figueira, J.},
year = {2016},
publisher = {Springer},
pages = {},
title = {Multiple criteria decision analysis: state of the art surveys},
isbn = {978-1-4939-3093-7},
doi = {10.1007/978-1-4939-3094-4}
}

@article{c8,
author = {Zavadskas, Edmundas and Turskis, Zenonas and Kildiene, Simona},
year = {2014},
month = {03},
pages = {165--179},
title = {State of art surveys of overviews on {MCDM}/{MADM} methods},
volume = {20},
journal = {Technological and Economic Development of Economy},
doi = {10.3846/20294913.2014.892037}
}

@article{c9,
author = {Hillermeier, C. and Jahn, J.},
year = {2005},
pages = {1--42},
title = {Multiobjective optimization: survey of methods and industrial applications},
volume = {11},
journal = {Surveys on Mathematics for Industry}
}

@book{c10,
author = {Branke, J. and Deb, K. and Miettinen, K. and Slowinski, R.},
year = {2008},
pages = {},
title = {Multiobjective optimization: interactive and evolutionary approaches},
volume = {5252},
isbn = {978-3-540-88907-6},
doi = {10.1007/978-3-540-88908-3},
publisher = {Springer, Berlin}
}

@article{c11,
author = {Voutchkov, I. and Keane, Andy},
year = {2010},
pages = {155--175},
title = {Multi-objective optimization using surrogates},
volume = {7},
doi = {10.1007/978-3-642-12775-5_7}
}

@article{c12,
	author	= {Eichfelder, G.},
	title	= {Scalarizations for adaptively solving multi-objective optimization problems},
	journal	= {Coldomput. Optim. Appl.},
	year	= {2009},
  volume  = {44},
  pages   = {249--273},
	doi     = {10.1007/s10589-007-9155-4}, 
}

@article{c13,
author = {Burer, S. and Letchford, A.},
year = {2012},
pages = {97--106},
title = {Non-convex mixed-integer nonlinear programming: a survey},
volume = {17},
journal = {Surveys in Operations Research and Management Science},
doi = {10.1016/j.sorms.2012.08.001}
}
@Article{c14,
  author={Boukouvala, F. and Misener, R. and Floudas, C.A.},
  title={{Global optimization advances in mixed-integer nonlinear programming, MINLP, and constrained derivative-free optimization, CDFO}},
  journal={European Journal of Operational Research},
  year=2016,
  volume={252},
  number={3},
  pages={701-727},
  month={},
  doi={10.1016/j.ejor.2015.12.01}
}
@article{c15,
author = {Belotti, P. and Lee, J. and Liberti, L. and Margot, F. and W{\" a}chter, A.},
year = {2009},
pages = {597--634},
title = {Branching and bounds tightening techniques for non-convex {MINLP}},
volume = {24},
number = {4-5},
journal = {Optimization Methods and Software},
doi = {10.1080/10556780903087124}
}

@article{c16,
author = {Vigerske, S. and Gleixner, A.},
title = {{SCIP}: global optimization of mixed-integer nonlinear programs in a branch-and-cut framework},
journal = {Optimization Methods and Software},
volume = {33},
number = {3},
pages = {563--593},
year  = {2018},
publisher = {Taylor \and Francis},
doi = {10.1080/10556788.2017.1335312}
}

@article{c17,
author = {Deep, K. and Singh, K. and Kansal, M. and Mohan, C.},
year = {2009},
pages = {505--518},
title = {A real coded genetic algorithm for solving integer and mixed integer optimization problems},
volume = {212},
number = {2},
journal = {Applied Mathematics and Computation},
doi = {10.1016/j.amc.2009.02.044}
}

@article{c18,
author = {Schl\"{u}ter, M. and Egea, J.A. and Banga, J.R.},
title = {Extended ant colony optimization for non-convex mixed integer nonlinear programming},
year = {2009},
publisher = {Elsevier Science Ltd.},
volume = {36},
number = {7},
doi = {10.1016/j.cor.2008.08.015},
journal = {Comput. Oper. Res.},
pages = {2217–2229}
}
@article{c19,
author = {Gergel, V.},
year = {2015},
pages = {13--18},
volume={},
number={},
title = {A unified approach to use of coprocessors of various types for solving global optimization problems},
doi = {10.1109/MCSI.2015.18},
journal = {2nd International Conference on Mathematics and Computers in Sciences and in Industry}
}

@article{c20,
  title     = "Accelerating parallel multicriterial optimization methods based on intensive using of search information",
  journal   = "Procedia Computer Science",
  volume    = "108",
  pages     = "1463--1472",
  year      = "2017",
  author    = "V.P. Gergel and E.A. Kozinov",
	doi       = {10.1016/j.procs.2017.05.051}
}

@article{c21,
  author    = "Gergel, V. and Kozinov, E.",
  title     = "Efficient multicriterial optimization based on intensive reuse of search information",
  journal   = "J. Glob. Optim.",
  year      = "2018",
  volume    = "71",
  number    = "1",
  pages     = "73--90",
	doi       = {10.1007/s10898-018-0624-3}
}

@article{c22,
author="Gergel, V. and Kozinov, E.",
title="Multilevel parallel computations for solving multistage multicriteria optimization problems",
journal = {Lecture Notes in Computer Science},
year="2020",
publisher="Springer",
address="Cham",
volume = "12137",
pages="17--30"
}

@article{c23,
author="Gergel, V. and Barkalov, K. and Lebedev, I.",
title="A global optimization algorithm for non-convex mixed-integer problems",
booktitle="Learning and Intelligent Optimization",
year="2019",
publisher="Springer",
address="Cham",
pages="78--81",
volume = "11353",
isbn="978-3-030-05348-2",
doi= {10.1007/978-3-030-05348-2_7},
journal = {Lecture Notes in Computer Science}
}

@book{c24,
  author    = {Strongin, R.G. and Sergeyev, Ya.D.},
  title     = {Global optimization with non-convex constraints. Sequential and parallel algorithms},
  publisher = {Kluwer Academic Publishers},
  address   = {Dordrecht},
  year      = {2000 (2nd ed. 2013, 3rd ed. 2014)}
}

@book{c25,
  author    = {Sergeyev, Y.D. and Strongin, R.G. and Lera, D.},
  title     = {Introduction to global optimization exploiting space-filling curves},
  publisher = {Springer},
  address   = {New York},
  year      = 2013
}

@book{c26,
  author    = {Zhigljavsky, A.A.}, 
  title     = {Theory of global random search},
  publisher = {Kluwer Academic Publishers},
  address   = {Dordrecht},
	year      = 1991
}

@book{c27,
  author    = {Pint\'er, J.D.}, 
  title     = {Global optimization in action (continuous and {Lipschitz} optimization: algorithms, implementations and applications)},
  publisher = {Kluwer Academic Publishers},
  address   = {Dordrecht},
  year      = 1996,
}


@book{c28,
author = {Zhigljavsky, A. and {\v Z}ilinskas, A.},
year = {2008},
title = {Stochastic global optimization},
publisher = {Springer, Berlin},
volume = "9",
doi = {10.1007/978-0-387-74740-8}
}

@book{c29,
  author    = {Locatelli, M. and Schoen, F.}, 
  title     = {Global optimization: theory, algorithms, and applications},
  publisher = {{SIAM}},
  year      = 2013,
  isbn      = {978-1-611972-66-5}
}

@book{c30,
  author    = {Paulavi{\v c}ius, R. and {\v Z}ilinskas, J.}, 
  title     = {Simplicial global optimization},
  publisher = {Springer-Verlag, New York},
  year      = 2014,
  isbn      = {978-1-4614-9093-7},
	doi       = {10.1007/978-1-4614-9093-7}
}

@book{c31,
  author    = {C.A. Floudas and M.P. Pardalos}, 
  title     = {Recent advances in global optimization},
  publisher = {Princeton University Press},
  year      = 2016
}

@article{c32,
author = {Strongin, R. and Sergeyev, Ya.},
year = {1992},
number = {11},
pages = {1259--1273},
title = {Global multidimensional optimization on parallel computer},
volume = {18},
journal = {Parallel Computing},
doi = {10.1016/0167-8191(92)90069-J}
}

@article{c33,
author = {Sergeyev, Ya.},
year = {1995},
number = {4},
pages = {858--870},
title = {An information global optimization algorithm with local tuning},
volume = {5},
journal = {SIAM Journal on Optimization},
doi = {10.1137/0805041}
}

@article{c34,
author = {Sergeyev, Ya. and Grishagin, V.},
year = {2001},
number = {2},
pages = {123--145},
title = {Parallel asynchronous global search and the nested optimization scheme},
volume = {3},
journal = {Journal of Computational Analysis and Applications},
doi = {10.1023/A:1010185125012}
}

@article{c35,
author = {Sergeyev, Ya. and Famularo, D. and Pugliese, P.},
year = {2001},
number = {3},
pages = {317--341},
title = {Index branch-and-bound algorithm for global optimization with multiextremal constraints},
volume = {21},
journal = {Journal of Global Optimization},
doi = {10.1023/A:1012391611462}
}

@article{c36,
title = "Lipschitz and {H}{\"o}lder global optimization using space-filling curves",
journal = "Applied Numerical Mathematics",
volume = "60",
number = {1-2},
pages = "115--129",
year = "2010",
doi = "10.1016/j.apnum.2009.10.004",
author = "Lera, D. and Sergeyev, Ya.D.",
}


@article{c37,
title = "A deterministic global optimization using smooth diagonal auxiliary functions",
journal = "Communications in Nonlinear Science and Numerical Simulation",
volume = "21",
number = {1-3},
pages = "99--111",
year = "2015",
doi = "10.1016/j.cnsns.2014.08.026",
author = "Sergeyev, Ya.D. and Kvasov, D.E."
}

@article{c38,
  title     = "Comparative efficiency of dimensionality reduction schemes in global optimization",
  journal   = "AIP Conference Proceedings",
  volume    = "1776",
  pages     = {},
  year      = "2016",
  author    = "Grishagin, V. and Israfilov, R. and Sergeyev, Ya.D.",
	doi = "10.1063/1.4965345"
}

@article{c39,
title = "Novel local tuning techniques for speeding up one-dimensional algorithms in expensive global optimization using {Lipschitz} derivatives",
journal = "Journal of Computational and Applied Mathematics",
volume = "383",
pages = {},
year = "2021",
doi = "10.1016/j.cam.2020.113134",
author = "Sergeyev, Y.D. and Nasso, M.C. and Mukhametzhanov, M.S. and Kvasov, D.E."
}

@article{
  c40,
  author    = {Grishagin, V.A. and Sergeyev, Ya.D. and Strongin, R.G.},
  title     = {Parallel characteristical global optimization algorithms},
  journal   = {Journal of Global Optimization},
  year      = {1997},
  volume    = {10},
  pages     = {185--206}
}

@article{
  c41,
  author    = {Gergel, V.P. and Barkalov, K.A. and Sysoyev, A.V.},
  title     = {A novel supercomputer software system for solving time-consuming global optimization problems},
  journal   = {Numerical Algebra, Control \& Optimization},
  volume    = 8,
  number    = 1,
  year      = 2018,
  pages     = {47--62}
}

﻿@Article{c42,
author={Evtushenko, Yu.G. and Posypkin, M.A.},
title={Method of non-uniform coverages to solve the multicriteria optimization problems with guaranteed accuracy},
journal={Automation and Remote Control},
year={2014},
volume={75},
number={6},
pages={1025--1040},
doi={10.1134/S0005117914060046},
}

@article{
  c43,
  author    = {{\v Z}ilinskas, A. and {\v Z}ilinskas, J.},
  title     = "Adaptation of a one-step worst-case optimal univariate algorithm of bi-objective {Lipschitz} optimization to multidimensional problems",
  journal   = {Commun Nonlinear Sci Numer Simulat},
  year      = {2015},
  volume    = {21},
  number    = {1-3},
  pages     = {89--98},
  doi = {10.1016/j.cnsns.2014.08.025}
}


@article{
  c44,
  author    = {Gaviano, M. and Kvasov, D.E. and Lera, D. and Sergeyev, Ya.D.},
  title     = {Software for generation of classes of test functions with known local and global minima for global optimization},
  journal   = {ACM Transactions on Mathematical Software},
  volume    = 29,
  number    = 4,
  year      = 2003,
  pages     = {469--480}
}

@article{
  c45,
author="Barkalov, K. and Lebedev, I.",
editor="Voevodin, Vladimir and Sobolev, Sergey",
title="Parallel global optimization for non-convex mixed-integer problems",
year="2019",
publisher="Springer",
address="Cham",
  volume    = 1129,
journal   = {Communications in Computer and Information Science},
pages="98--109",
doi="10.1007/978-3-030-36592-9_9"
}






@book{c_old1,
  author    = {A. T\"orn and A. {\v Z}ilinskas }, 
  title     = {Global Optimization},
  publisher = {Springer-Verlag Berlin Heidelberg},
  year      = 1989,
  volume    = 350,
  series    = {Lecture Notes in Computer Science},
  isbn      = {978-3-540-50871-7}
}

@book{c_old2,
  author    = {R. Horst and H. Tuy}, 
  title     = {Global Optimization: Deterministic Approaches},
  publisher = {Springer-Verlag Berlin Heidelberg},
  year      = 1990,
  isbn      = {978-3-662-02598-7}
}




@book{
  c6_o,
  author    = {Yang, X.-S.},
  year      = {2008},
  isbn      = {1905986106, 9781905986101},
  publisher = {Luniver Press},	
  title     = {Nature-inspired metaheuristic algorithms},
  address   = {Frome},
}




@book{c_old10,
  author    = {Y.D. Sergeyev and D.E. Kvasov}, 
  title     = {Deterministic Global Optimization: An Introduction to the Diagonal Approach},
  publisher = {Springer-Verlag New York},
  year      = 2017,
  series    = {Springer Briefs in Optimization},
  isbn      = {978-1-4939-7199-2}
}

@book{c_old11,
  author    = {R.K. Arora}, 
  title     = {Optimization: Algorithms and Applications},
  publisher = {CRC Press},
  year      = 2015,
  isbn      = {9781498721127}
}

@article{
	c_old12,
	author	= {Gergel, V.P. and Kuzmin, M.I. and Solovyov, N.A. and Grishagin, V.A.},
	title	= {Recognition of surface defects of cold-rolling sheets based on method of localities},
	journal	= {International Review of Automatic Control },
	year	= {2015},
  volume  = {8},
	number  = {1},
  pages   = {51--55},
	doi     = {10.15866/ireaco.v8i1.4935}
}

@article{
	c_old13,
	author	= {Kvasov, D.E. and Sergeyev, Y.D.},
	title	= {Deterministic approaches for solving practical black-box global optimization problems},
	journal	= {Advances in Engineering Software},
	year	= {2015},
  volume  = {80},
  pages   = {58--66},
	doi     = {10.1016/j.advengsoft.2014.09.014}
}

@article{
  c_old14,
  author    = {Modorskii, V.Y. and Gaynutdinova, D.F. and Gergel, V.P. and Barkalov, K.A.},
  title     = {Optimization in design of scientific products for purposes of cavitation problems},
  journal   = {AIP Conference Proceedings},
  year      = {2016},
  volume    = {1738},
  art_number= {400013}
}



@article{
	c_old17,
	author	= {Gergel, V. and Kozinov, E.},
	title	= {Comparative Analysis of Parallel Computational Schemes for Solving Time-Consuming Decision-Making Problems},
	journal	= {Communications in Computer and Information Science. Springer, Cham},
	year	= {2019},
  volume  = {1063},
  pages   = {107--121},
	doi     = {10.1007/978-3-030-28163-2_8}, 
  isbn    = {978-3-030-28163-2}
}





@article{
	c2_old2,
	author    = {Piyavskii, S.A.},
	title     = {An algorithm for finding the absolute extremum of a function},
	journal   = {Comput. Maths. Math. Phys.},
	volume    = {12},
	number    = {4},
	year      = {1972},
	pages     = {57-67}
}

@article{
	c2_old3,
	author    = {Shubert, B.O.},
	title     = {A sequential method seeking the global maximum of a function},
	journal   = {SIAM Journal on Numerical Analysis},
	volume    = {9},
	number    = {3},
	year      = {1972},
	pages     = {379-388}
}

@article{
	c2_old4,
	author	= {Strongin, R.G.},
	title	= {Multiextremal Minimization},
	journal	= {Autom. Remote Control.},
	year	= {1970},
  volume  = {7},
  pages   = {1085--1088},
}

@article{
	c2_old5,
	author	= {E.A. Galperin},
	title	= {The cubic algorithm},
	journal	= {Journal of Mathematical Analysis and Applications},
	year	= {1985},
  volume  = {112},
  pages   = {635--649},
	doi     = {10.1016/0022-247X(85)90268-9}, 
}

@article{
	c2_old6,
	author	= {L. Breiman and A. Cutler},
	title	= {A deterministic algorithm for global optimization},
	journal	= {Mathematical Programming},
	year	= {1993},
  volume  = {58},
  pages   = {179--199},
	doi     = {10.1007/BF01581266}, 
}

@article{
	c2_old7,
	author	= {W. Baritompa},
	title	= {Accelerations for a variety of global optimization methods},
	journal	= {Journal of Global Optimization},
	year	= {1994},
  volume  = {4},
  pages   = {37--45},
	doi     = {10.1007/BF01096533}, 
}

@article{
	c2_old8,
	author	= {Gergel, V.P.},
	title	= {A method of using derivatives in the minimization of multiextremum functions},
	journal	= {Computational Mathematics and Mathematical Physics},
	year	= {1996},
  volume  = {36},
  number  = {6},
  pages   = {729--742},
}

@article{
	c2_old9,
	author	= {Sergeyev, Y.D.},
	title	= {Global one-dimensional optimization using smooth auxiliary functions},
	journal	= {Mathematical Programming},
	year	= {1998},
  volume  = {81},
  pages   = {127--146},
  doi = {10.1007/BF01584848}
}

@article{
  c3_old0,
  author    = {Lera, D. and Sergeyev, Ya.D.},
  title     = "Deterministic global optimization using space-filling curves and multiple estimates of {Lipschitz} and {H\"older} constants",
  journal   = {Communications in Nonlinear Science and Numerical Simulation},
  year      = {2015},
  volume    = {23},
  number    = {1--3},
  pages     = {328--342},
	doi = {10.1016/j.cnsns.2014.11.015}
}


@article{
  c3_old2,
  author    = {Sergeyev, Ya.D. and Strongin, R.G.},
  title     = {A global minimization algorithm with parallel iterations},
  journal   = {Comput. Maths. Math. Phys.},
  year      = {1990},
  volume    = {29},
  number    = {2},
  pages     = {7--15}
}


@article{
  c3_old4,
  author    = {Sergeyev, Ya.D. and Grishagin, V.A.},
  title     = {Sequential and parallel global optimization algorithms},
  journal   = {Optimization Methods and Software},
  year      = {1994},
  volume    = {3},
  pages     = {111--124}
}

@article{
    c3_old5,
    author  = {Strongin, R.G. and Sergeyev, Ya.D.},
    title   = {Global optimization: fractal approach and non-redundant parallelism},
    journal = {J. Glob. Optim.},
    year    = {2003},
    volume  = {27},
	  number  = {1},
    pages   = {25-50}
}

@article{
  c3_old6,
  author    = {Evtushenko, Yu.G. and Posypkin, M.A.},
  title     = {A deterministic algorithm for global multi-objective optimization},
  journal   = {Optimization Methods \& Software},
  year      = {2014},
  volume    = {29},
  number    = {5},
  pages     = {1005--1019},
  doi = {10.1080/10556788.2013.854357}
}


@article{
  c3_old8,
  author    = {Bleuler, S. and Laumanns, M. and Thiele, L. and Zitzler, E.},
  title     = {PISA-A Platform and Programming Language Independent Interface for Search Algorithms},
  journal   = {Evolutionary Multi-Criterion Optimization, LNCS},
  year      = {2003},
  volume    = {2632},
  pages     = {494--508},
  doi = {10.1007/3-540-36970-8_35}
}


