@Book{evtushenko,
author = {Evtushenko Yu.G.},
title = {Metody resheniya ekstremal'nykh zadach i ikh primenenie v sistemakh optimizatsii [Methods of Solving Extremal Problems and Their Application in Optimization Systems]},
publisher = {Moscow: Science},
year = {1982. 432 p.}
}
@Book{pinter,
author = {Pinter J.},
title = {Global optimization in action (Continuous and Lipschitz optimization: algorithms, imple-mentations and applications)},
publisher = {Kluwer Academic Publishers},
year = {1996, 507 p.}
}
@Book{sergKvaDiag,
author = {Sergeyev Ya.D., Kvasov D.E.},
title = {Diagonal'nye metody global'noy optimizatsii [Diagonal global optimization methods]},
publisher = {Moscow: Fizmatlit},
year = {2008. 352 p.}
}
@Book{strSergOptBook,
author = {Strongin R.G., Sergeyev Ya.D.},
title = {Global Optimization with Non-convex Constraints.  Sequential and Parallel Algorithms},
publisher = {Kluwer Academic Publishers},
year = {2000, 704p.},
}
@Book{strGergrParOptBook,
author = {Strongin R.G. Gergel V.P. Grishagin V.A. Barkalov K.A.},
title = {Parallel'nye vychisleniya v zadachakh global'noy optimizatsii [Parallel computing in global optimization problems]},
publisher = {Moscow: MSU Publishing},
year = {2013. 280p.}
}
@Article{sergKvaDiaPaper,
author = {Sergeyev Ya.D. Kvasov D.E},
title = {Global search based on efficient diagonal partitions and a set of Lipschitz constants},
journal = {SIAM Journal on Optimization},
year = {2006},
volume = {16(3)},
pages = {910–937}
}
@Article{zilinsk,
author = {Žilinskas J.},
title = {Branch and bound with simplicial partitions for global optimization},
journal = {Mathematical Modelling and Analysis},
year = {2008},
volume = {13(1)},
pages = {145–159}
}
@Book{gorodGrishOptBook,
author = {Gorodetskiy S.Yu. Grishagin V.A.},
title = {Nelineynoe programmirovanie i mnogoekstremal'naya  optimizatsiya [Nonlinear pro-gramming and multiextremal optimization]},
publisher = {N. Novgorod: UNN Publishing},
year = {2007}
}
@InProceedings{examinArtcle,
author = {Sysoyev A.V. Barkalov K.A. Gergel V.P. Lebedev I.G.},
title = {MPI-realizatsiya blochnoy mnogoshagovoy skhemy parallel'nogo resheniya zadach global'noy optimizatsii [MPI-implementation of the nested block scheme for parallel solving of global optimization problems ]},
booktitle = {Superkomp'yuternye dni v Rossii: Trudy mezhdunarodnoy konferentsii (28-29 sen-tyabrya 2015 g., g. Moskva) [Russian supercomputing days: proceedings of the interna-tional conference (Moscow, September 28-29, 2015)]},
pages = {411-419},
year = {2015},
publisher = {Moscow: MSU Publishing}
}
@Article{gklsPaper,
author = {Gaviano M. Lera D. Kvasov D.E. Sergeyev Ya.D},
title = {Software for generation of classes of test functions with known local and global minima for global optimization},
journal = {ACM Transactions on Mathematical Software},
year = {2003},
volume = {29},
pages = {469-480}
}
@Article{jonesLipOpt,
author = {Jones D.R. Perttunen C.D. Stuckman B.E.},
title = {Lipschitzian optimization without the Lipschitz constant},
journal = {Journal of Optimization Theory and Applications},
year = {1993},
volume = {79(1)},
pages = {157–181}
}
@Article{gablonskyDirect,
author = {Gablonsky J.M., Kelley C.T.},
title = {A Locally-Biased Form of the DIRECT Algorithm},
journal = {Journal of Global Optimization},
year = {2001},
volume = {21(1)},
pages = {27-37}
}
