% This file was created with JabRef 2.6.
% Encoding: Cp1252

%2
@ARTICLE{RockafellarUryasev2000,
  author = {Rockafellar, R.T. and S. Uryasev},
  title = {Optimization of Conditional Value-At-Risk},
  journal = {The Journal of Risk},
  year = {2000},
  volume = {2},
  pages = {21-41},
  number = {3},
}
%3
@ARTICLE{SchillingsSchulz2015,
  author = {Schillings, C. and V. Schulz},
  title = {On the influence of robustness measures on shape optimization with stochastic uncertainties},
  journal = {Optimization and Engineering},
  year = {2015},
  volume = {16},
  pages = {347-386},
  number = {2},
}
%4
@ARTICLE{Toropov1989,
author = {Toropov, V.V.},
title = {Simulation approach to structural optimization},
journal = {Structural Optimization},
volume = {1},
pages = {37-46},
number = {},
year = {1989},
}
%5
@INPROCEEDINGS{Toropov1992,
  author = {Toropov, V.V},
  title = {Multipoint approximation method in optimization problems with expensive function values},
  booktitle = {Computational Systems Analysis},
  year = {1992},
  editor = {Sydow, A.},
  publisher = {Elsevier},
  pages={207-212}
}
%6
@ARTICLE{ToropovFilatov1993,
author = {Toropov, V.V. and Filatov, A.A. and Polynkin, A.A.},
title = {Multiparameter structural optimization using FEM and multipoint explicit approximations},
journal = {Structural Optimization},
year = {1993},
volume = {6},
pages = {7-14},
}
%7
@INPROCEEDINGS{ShahparPolynkinToropov2008,
  author = {Shahpar, S. and Polynkin, A.A. and Toropov, V.V.},
  title = {Large scale optimization of transonic axial compressor rotor blades},
  booktitle = {49th AIAA/ASME/ASCE/AHS/ASC Structures, Structural Dynamics, and Materials Conference and 4th AIAA Multidisciplinary Design Optimization Specialist Conference},
  year = {2008},
}
%address = {Schaumburg, IL},
%8
@INPROCEEDINGS{PolynkinToropovShahpar2008,
  author = {Polynkin, A.A. and Toropov, V.V. and Shahpar, S},
  title = {Design optimization of aircraft engine components},
  booktitle = {Proc. of 7th ASMO UK / ISSMO Conf. on Engineering Design Optimization. Process and Product Improvement},
  year = {2008},
}
%9
@INPROCEEDINGS{PolynkinToropovShahpar2010,
  author = {Polynkin, A. and Toropov, V.V. and Shahpar, S.},
  title = {Multidisciplinary optimization of turbomachinery based on metamodel built by Genetic Programming},
  booktitle = {13th AIAA/ISSMO Multidisciplinary Analysis and Optimization Conference},
  year = {2010},
}
%10
@INPROCEEDINGS{KeulenToropovMarkine1996,
  author = {van Keulen, F. and Toropov, V.V. and Markine, V.L.},
  title = {Recent refinements in the multi-point approximation method in conjunction with adaptive mesh refinement},
  booktitle = {Proc. ASME Design Engineering Technical Conferences and Computers in Engineering Conf.},
  year = {1996},
  editor = {McCarthy, J.M.},
  publisher = {ASME},
  address = {Irvine CA},
  pages={12}
}
%11
@INPROCEEDINGS{ToropovKeulenMarkine1996,
  author = {Toropov, V.V. and van Keulen, F. and Markine, V.L. and de Boer, H.},
  title = {Refinements in the multi-point approximation method to reduce the effects of noisy responses},
  booktitle = {6th AIAA/NASA/ISSMO Symp. on Multidisciplinary Analysis and Optimization},
  year = {1996},
  editor = {},
  publisher = {AIAA},
  address = {Bellevue WA},
  pages={941-951}
}
%12
@INPROCEEDINGS{ToropovMarkineHolden1999,
  author = {Toropov, V.V. and Markine, V.L. and Holden, C.M.E.},
  title = {Use of mid-range approximations for optimization problems with functions of domain-dependent calculability},
  booktitle = {3rd ISSMO/UBCAD/UB/AIAA World Congress of Structural and Multidisciplinary Optimization},
  year = {1999},
}
%13
@INPROCEEDINGS{ToropovMarkine1996,
  author = {Toropov, V.V. and Markine, V.L.},
  title = {The use of simplified numerical models as mid-range approximations},
  booktitle = {6th AIAA/NASA/ISSMO Symp. on Multidisciplinary Analysis and Optimization},
  year = {1996},
}
%14
@INPROCEEDINGS{ToropovAlvarez1998,
  author = {Toropov, V.V. and Alvarez, L.F.},
  title = {Creation of multipoint approximations using genetic programming},
  booktitle = {Adaptive Computing in Design and Manufacture, 3rd Int. Conf.},
  year = {1998},
  editor = {Parmee, I.C.},
  publisher = {PEDC},
  address = {Dartington},
  pages={21-24}
}
%15
@ARTICLE{PolynkinToropov2012,
author = {Polynkin, A. and Toropov, V.V},
title = {Mid-range metamodel assembly building based on linear regression for large scale optimization problems},
journal = {Structural and Multidisciplinary Optimization},
year = {2012},
volume = {45},
pages = {515-527},
number = {4},
}
%16
@ARTICLE{LancasterSalkauskas1981,
author = {Lancaster, P. and Salkauskas, K.},
title = {Surfaces generated by moving least squares methods},
journal = {Mathematics of Computation},
year = {1981},
volume = {87},
pages = {141-158},
}
%17
@ARTICLE{Liszka1984,
author = {Liszka, T.J.},
title = {An interpolation method for an irregular net of nodes},
journal = {Int. J. Num. Meth.},
year = {1984},
volume = {20},
pages = {1599-1612},
}
%18
@INPROCEEDINGS{ChoiYounYang2001,
  author = {Choi, K.K. and Youn, B. and Yang, R-J.},
  title = {Moving Least Squares Method for reliability-based design optimization},
  booktitle = {4th World Congress of Structural and Multidisciplinary Optimization},
  year = {2001},
}
%19
@INPROCEEDINGS{ToropovSchrammSahaiJones2005,
  author = {Toropov, V.V. and Schramm, U. and Sahai, A. and Jones, R. and Zeguer, T.},
  title = {Design optimization and stochastic analysis based on the Moving Least Squares Method},
  booktitle = {6th World Congress of Structural and Multidisciplinary Optimization},
  year = {2005},
  editor = {J. Herskovits and S. Mazorche and A. Canelas},
}
%20
@INPROCEEDINGS{PolynkinToropov2010,
  author = {Polynkin, A. and Toropov, V.V.},
  title = {Recognition of design variable inter-dependencies using cross-validated Moving Least-Squares Method},
  booktitle = {Proceedings of the 51st AIAA/ASME/ASCE/AHS/ASC Structures, Structural Dynamics, and Materials Conference},
  year = {2010},
  publisher = {AIAA},
  address = {Orlando, Florida},
}
%21
@INPROCEEDINGS{OllarToropovJones2014,
  author = {Ollar, J. and Toropov, V.V. and Jones},
  title = {R. Mid-range approximations in sub-spaces for MDO problems with disparate discipline attributes},
  booktitle = {15th AIAA/ISSMO Multidisciplinary Analysis and Optimization Conference},
  year = {2014},
}
%22
@ARTICLE{KochYangGu2004,
author = {Koch, P. N. and R.-J. Yang and L. Gu},
title = {Design for six sigma through robust optimization},
journal = {Structural and Multidisciplinary Optimization},
year = {2004},
volume = {26},
pages = {235-248},
}
%23
@ARTICLE{Yao2011,
author = {Yao, W.},
title = {Review of uncertainty-based multidisciplinary design optimization methods for aerospace vehicles},
journal = {Progress in Aerospace Sciences},
year = {2011},
volume = {47},
pages = {450-479},
}
%24
@ARTICLE{ZhangZhuChenArendt2013,
author = {Zhang, S. and P. Zhu and W. Chen and P. Arendt},
title = {Concurrent treatment of parametric uncertainty and metamodeling uncertainty in robust design},
journal = {Structural and Multidisciplinary Optimization},
year = {2013},
volume = {47},
pages = {63-76},
number = {1},
}
%25
@ARTICLE{AouesChateauneuf2010,
author = {Aoues, Y. and A. Chateauneuf},
title = {Benchmark study of numerical methods for reliability-based design optimization},
journal = {Structural and Multidisciplinary Optimization},
year = {2010},
volume = {41},
pages = {277-294},
number = {2},
}
%26
@ARTICLE{YounChoi2004,
author = {Youn, B. D. and K. K. Choi},
title = {Selecting probabilistic approaches for reliability-based design optimization},
journal = {AIAA journal},
year = {2004},
volume = {42},
pages = {124-131},
number = {1},
}
%27
@ARTICLE{RockafellarRoyset2010,
author = {Rockafellar, R. and J. Royset},
title = {On buffered failure probability in design and optimization of structures},
journal = {Reliability Engineering \& System Safety},
year = {2010},
volume = {95},
pages = {499-510},
number = {5},
}
%30
@ARTICLE{Caflisch1998,
author = {Caflisch, R.E.},
title = {Monte Carlo and quasi-Monte Carlo methods},
journal = {Acta Numerica},
year = {1998},
volume = {7},
pages = {1-49},
}
%31
@BOOK{Niederreiter1992,
  title = {Random Number Generation and Quasi-Monte Carlo Methods},
  publisher = {SIAM},
  year = {1992},
  author = {Niederreiter, H.},
  address = {},
}
%34
@BOOK{Vanderpllaats2001,
  title = {Multidiscipline Design Optimization},
  publisher = {Vanderplaats Research \& Development, Inc.},
  year = {2001},
  author = {Vanderpllaats, G.N.},
  address = {Colorado Springs},
}
%29
@INPROCEEDINGS{BasovaRockafellarRoyset,
  author = {Basova, H.G. and Rockafellar, R.T. and Royset, J.O.},
  title = {A computational study of buffered failure probability in reliability-based optimization},
  booktitle = {Proceedings of the 11th International Conference on Application of Statistics and Probability in Civil Engineering},
  year = {2011},
	address = {Zurich, Switzerland},
}
%28
@ARTICLE{RockafellarRoyset2015,
author = {Rockafellar, R. T. and  Royset, J.},
title = {Engineering Decisions under Risk Averseness},
journal = {ASCE-ASME Journal of Risk and Uncertainty in Engineering Systems, Part A: Civil Engineering},
year = {2015},
volume = {1},
number = {2},
pages = {04015003},
}


@ARTICLE{emptyArt,
author = {},
title = {},
journal = {},
year = {},
volume = {},
pages = {},
number = {},
}
@INPROCEEDINGS{proc,
  author = {},
  title = {},
  booktitle = {},
  year = {},
  editor = {},
  publisher = {},
  address = {Reading, Massachusetts},
  pages={}
}
@BOOK{book,
  title = {},
  publisher = {},
  year = {},
  author = {},
  address = {},
  month = jan
}


@comment{jabref-meta: selector_publisher:}

@comment{jabref-meta: selector_author:}

@comment{jabref-meta: selector_journal:}

@comment{jabref-meta: selector_keywords:}
