@book{fost:kes,
 editor = {Foster, Ian and Kesselman, Carl},
 title = {The grid: blueprint for a new computing infrastructure},
 year = {1999},
 isbn = {1-55860-475-8},
 publisher = {Morgan Kaufmann Publishers Inc.},
 address = {San Francisco, CA, USA},
}

@article{smit:wat,
  author={Smith, T.F. and Waterman, M.S.},
  title={Identification of common molecular subsequences},
  journal={Journal of Molecular Biology},
  year={1981},
  volume={147},
  number={1},
  pages={195-197},
  doi={10.1016/0022-2836(81)90087-5}
}


@inproceedings{may:ehr:stein,
  author={May, Patrick
  and Ehrlich, Hans-Christian
  and Steinke, Thomas},
  editor={Nagel, Wolfgang E.
  and Walter, Wolfgang V.
  and Lehner, Wolfgang},
  title={ZIB Structure Prediction Pipeline: Composing a Complex Biological Workflow Through Web Services},
  booktitle={Euro-Par 2006 Parallel Processing},
  year={2006},
  volume={4128},
  publisher={Springer},
  address={Heidelberg},
  pages={1148--1158},
  doi={10.1007/11823285_121},
  isbn={978-3-540-37784-9}
}


@inproceedings{czaj:fitz,
  author={K. Czajkowski and S. Fitzgerald and I. Foster and C. Kesselman},
  booktitle={Proceedings 10th IEEE International Symposium on High Performance Distributed Computing},
  title={Grid information services for distributed resource sharing},
  publisher={IEEE},
  address={New York},
  year={2001},
  pages={181--194},
  doi={10.1109/HPDC.2001.945188},
  ISSN={1082-8907},
  month={Aug}
}

@techreport{fo:kes:nic:tue,
  author = {Foster, Ian and Kesselman, Carl and M. Nick, Jeffrey and Tuecke, Steven},
  year = {2002},
  title = {The Physiology of the Grid: {An} Open Grid Services Architecture for Distributed Systems Integration}
}

@misc{onlyurl,
  author    	= {NCBI},
  title     	= {National {Center} for {Biotechnology} {Information}},
  howpublished  = {\url{http://www.ncbi.nlm.nih.gov}},
}
