@ARTICLE{automaticaAppl,
   author       = "{Famularo D., Pugliese P., Sergeyev Ya.D.}",
   title        = "A global optimization technique for checking parametric robustness",
   year         = "1999",
   journal      = "Automatica",
   volume       = "35",
   pages        = "1605--1611"
}

@ARTICLE{svmAppl,
   author    = "{Barkalov, K., Polovinkin, A., Meyerov, I., Sidorov, S., Zolotykh, N.}",
   title     = "{SVM} regression parameters optimization using parallel global search algorithm",
   journal = "Lecture Notes in Computer Science",
   pages     = "154--166",
   year      = "2013",
   volume    = "7979",
}

@ARTICLE{recogAppl,
   author       = "{Gergel, V.P., Kuzmin, M.I., Solovyov, N.A., Grishagin, V.A.}",
   title        = "Recognition of surface defects of cold-rolling sheets based on method of localities",
   year         = "2015",
   journal      = "International Review of Automatic Control",
   volume       = "8(1)",
   pages        = "51--55"
}

@ARTICLE{determApproaches,
   author       = "{Kvasov D.E., Sergeyev Y.D.}",
   title        = "Deterministic approaches for solving practical black-box global optimization problems",
   year         = "2015",
   journal      = "Advances in Engineering Software",
   volume       = "80",
   pages        = "58--66"
}

@BOOK{strongSerg,
   author       = "{Strongin R.G., Sergeyev Ya.D.}",
   year         = 2000,
   title        = {Global optimization with non-convex constraints. Sequential and parallel algorithms},
   publisher    = {Kluwer Academic Publishers},
   address      = "Dordrecht"
}

@BOOK{strongSergLera,
   author       = {Ya. D. Sergeyev and R. G. Strongin and D. Lera},
   year         = 2013,
   title        = {Introduction to global optimization exploiting space-filling curves},
   publisher    = {Springer}
}

@ARTICLE{parAlg,
   author       = "{Sergeyev, Y.D., Grishagin, V.A.}",
   title        = "Sequential and parallel algorithms for global optimization",
   year         = "1994",
   journal      = "Optimization Methods and Software",
   volume       = "3",
   pages        = "111--124"
}

@ARTICLE{parAlg2,
   author       = "{Grishagin V.A., Sergeyev Ya.D., Strongin R.G.}",
   title        = "Parallel characteristical global optimization algorithms",
   year         = "1997",
   journal      = "Journal of Global Optimization",
   volume       = "10",
   pages        = "185--206"
}

@ARTICLE{gergelLNCS,
   author       = "{Gergel, V.P., Strongin, R.G.}",
   title        = "Parallel computing for globally optimal decision making",
   year         = "2003",
   journal      = "Lecture Notes in Computer Science",
   volume       = "2763",
   pages        = "76--88"
}

@ARTICLE{gergelStrParComputing,
   author       = "{Gergel, V.P., Strongin, R.G.}",
   title        = "Parallel computing for globally optimal decision making on cluster systems",
   year         = "2005",
   journal      = "Future Generation Computer Systems",
   volume       = "21(5)",
   pages        = "673--678"
}

@ARTICLE{mixedAlgLNCS,
   author       = "{Barkalov, K., Ryabov, V., Sidorov, S.}",
   title        = "Parallel scalable algorithms with mixed local-global strategy for global optimization problems",
   year         = "2010",
   journal      = "Lecture Notes in Computer Science",
   volume       = "6083",
   pages        = "232--240"
}

@ARTICLE{barkXeon,
   author       = "{Barkalov, K., Gergel, V., Lebedev, I.}",
   title        = "Use of Xeon Phi coprocessor for solving global optimization problems",
   year         = "2015",
   journal      = "Lecture Notes in Computer Science",
   volume       = "9251",
   pages        = "307--318"
}

@INPROCEEDINGS{barkGergNestedScheme,
   author       = "{Barkalov, K., Gergel, V.}",
   title        = "Multilevel scheme of dimensionality reduction for parallel global search algorithms",
   booktitle    = "An International Conference on Engineering and Applied Sciences Optimization",
   year         = "4–6 June 2014",
   series       = "OPT-i",
   address      = "Kos Island, Greece",
   pages        = "2111-–2124"
}

@ARTICLE{localTuning,
   author       = "{Gergel, V., Grishagin, V., Israfilov, R.}",
   title        = "Local tuning in nested scheme of global optimization",
   year         = "2015",
   journal      = "Procedia Computer Science",
   volume       = "51",
   pages        = "865--874"
}

@ARTICLE{sergKvaDiagNew,
   author       = "{Sergeyev Y.D., Kvasov D.E.}",
   title        = "A deterministic global optimization using smooth diagonal auxiliary functions",
   year         = "2015",
   journal      = "Communications in Nonlinear Science and Numerical Simulation",
   volume       = "21(1-3)",
   pages        = "99--111"
}

@ARTICLE{kvasovDiag,
   author       = "{Kvasov D.E.}",
   title        = "Multidimensional Lipschitz global optimization based on efficient diagonal partitions",
   year         = "2008",
   journal      = "4OR - A Quarterly Journal of Operations Research",
   volume       = "6(4)",
   pages        = "403--406"
}

@ARTICLE{DISIMPL,
   author       = "{Paulavicius R., Sergeyev Ya.D., Kvasov D.E., Zilinskas J.}",
   title        = "Globally-biased DISIMPL algorithm for expensive global optimization",
   year         = "2014",
   journal      = "Journal of Global Optimization",
   volume       = "59(2-3)",
   pages        = "545--567"
}

@ARTICLE{gergelDerivMethod,
   author       = "{Gergel, V.P.}",
   title        = "A method of using derivatives in the minimization of multiextremum functions",
   year         = "1996",
   journal      = "Computational Mathematics and Mathematical Physics",
   volume       = "36(6)",
   pages        = "729--742"
}

@ARTICLE{branchBoundAlg,
   author       = "{Sergeyev Ya.D., Famularo D., Pugliese P.}",
   title        = "Index Branch-and-Bound Algorithm for Lipschitz univariate global optimization with multiextremal constraints",
   year         = "2001",
   journal      = "Journal of Global Optimization",
   volume       = "21(3)",
   pages        = "317--341"
}

@ARTICLE{barkAdaptConstr,
   author       = "{Barkalov, K.A., Strongin, R.G.}",
   title        = "A global optimization technique with an adaptive order of checking for constraints",
   year         = "2002",
   journal      = "Computational Mathematics and Mathematical Physics",
   volume       = "42(9)",
   pages        = "1289–-1300"
}

@ARTICLE{indexMethod,
   author       = "{Markin, D.L., Strongin, R.G.}",
   title        = "A method for solving multi-extremal problems with non-convex constraints, that uses a priori information about estimates of the optimum",
   year         = "1987",
   journal      = "Computational Mathematics and Mathematical Physics",
   volume       = "27(1)",
   pages        = "33--39"
}

@ARTICLE{GKLS,
   author       = "{Gaviano, M., Kvasov, D.E., Lera, D., Sergeev, Ya.D.}",
   title        = "Software for generation of classes of test functions with known local and global minima for global optimization",
   year         = "2003",
   journal      = "ACM Transactions on Mathematical Software",
   volume       = "29(4)",
   pages        = "469--480"
}

