%%
%% References
%%

@book
{
	strOptBook,
	author    = "{Strongin R.G., Sergeyev Ya.D.}",
	title     = {Global optimization with non-convex constraints. Sequential and parallel algorithms},
	publisher = {Kluwer Academic Publishers},
	address   = {Dordrecht},
	year      = 2000
}

@article
{
	nestedLocal,
	author  = "{Gergel, V., Grishagin, V., Israfilov, R.}",
	title   = {Local tuning in nested scheme of global optimization},
	journal = {Procedia Computer Science},
	year    = 2015,
	volume  = 51,
	pages   = {865â€“-874}
}

@article
{
	sergLocalTuning,
	author  = "{Sergeyev, Y.D., Mukhametzhanov, M.S., Kvasov, D.E.}",
	title   = {Derivative-Free Local Tuning and Local Improvement Techniques Embedded in the Univariate Global Optimization},
	journal = {J Optim Theory Appl},
	year    = 2016,
	pages   = {1--23}
}

@article
{
	grishaginClass,
	author    = {Grishagin, V.A.},
	title     = {Operating Characteristics of Some Global Search Algorithms},
	journal   = {Problems of Statistical Optimization},
	volume    = 7,
	year      = {1978 (In Russian)},
	pages     = {198--206},
	publisher = {Zinatne},
	address   = {Riga}
}

@article
{
	gklsClass,
	author    = "{Gaviano, M., Kvasov, D.E., Lera, D., Sergeev, Ya.D.}",
	title     = {Software for generation of classes of test functions with known local and global minima for global optimization},
	journal   = {ACM Transactions on Mathematical Software},
	volume    = 29,
	number    = 4,
	year      = 2003,
	pages     = {469--480}
}

@article
{
	sergLocalTuningFirst,
	author    = "{Sergeev, Ya.D.}",
	title     = {An information global optimization algorithm with local tuning},
	journal   = {SIAM Journal on Optimization},
	volume    = 5,
	number    = 4,
	year      = 1995,
	pages     = {390--407}
}

@article
{
	butzCurves,
	author    = "{Butz, A.R.}",
	title     = {Space-Filling Curves and Mathematical Programming},
	journal   = {Inform. Control},
	volume    = 12,
	number    = 4,
	year      = 1968,
	pages     = {314--330}
}

@article
{
	mixedAlg,
	author    = "{Markin, D.L., Strongin, R.G.}",
	title     = {A method for solving multi-extremal problems with non-convex constraints, that uses a priori information about estimates of the optimum},
	journal   = {Computational Mathematics and Mathematical Physics},
	volume    = 27,
	number    = 1,
	year      = 1987,
	pages     = {33--39}
}

@book
{
	stronginBook,
	author    = {Strongin, R.G.},
	title     = {Numerical Methods in Multiextremal Problems (Information-StatisticalAlgorithms)},
	publisher = {Moscow: Nauka (In Russian)},
	year      = 1978
}

@inproceedings
{
	ka74,
	author          = {G. Kahn},
	title           = {The semantics of a simple language for parallel processing},
	OPTcrossref     = {},
	OPTkey          = {},
	OPTeditor       = {},
	OPTvolume       = {},
	OPTnumber       = {},
	OPTseries       = {},
	pages           = {471--475},
	booktitle       = {Proceedings of the {IFIP} Congress '74},
	year            = 1974,
	OPTorganization = {},
	publisher       = {Elsevier North-Holland},
	address         = {Amsterdam},
	OPTmonth        = {},
	OPTnote         = {},
	OPTannote       = {}
}


% EOF
