@article
{
  globalizer,
  author    = "{Gergel V., Barkalov K., Sysoyev A.}",
  title     = {Globalizer: A Novel Supercomputer Software System for Solving Time-Consuming Global Op-timization Problems },
  journal   = {Numerical Algebra, Control and Optimization},
  volume    = "8",
  pages     = "47--62",
  year      = 2018
}

@book
{
  optParallelBook,
  author    = "{Стронгин Р.Г. Гергель В.П. Гришагин В.А. Баркалов К.А.}",
  title     = {Параллельные вычисления в задачах глобальной оптимизации},
  publisher = {Издательство Московского университета},
  address   = {Москва},
  year      = 2013
}

@book
{
  strOptBook,
  author    = "{Strongin R.G., Sergeyev Ya.D.}",
  title     = {Global optimization with non-convex constraints. Sequential and parallel algorithms},
  publisher = {Kluwer Academic Publishers},
  address   = {Dordrecht},
  year      = 2000
}

@book
{
  synthesisControlBook,
  author    = "{Баландин Д.В. Коган М.М}",
  title     = {Синтез законов управления на основе линейных матричных неравенств},
  publisher = {Физматлит},
  address   = {Москва},
  year      = 2007
}
