
@book{bib1,
  author    = "R. Horst and P. M. Pardalos",
  title     = "Handbook of Global Optimization",
  publisher = "Kluwer Academic Publishers",
  year      = "1995",
  address   = "Dordrecht"
}

@book{bib2,
  author    = "R. Horst and H. Tuy",
  title     = "Global Optimization: Deterministic Approaches",
  publisher = "Springer-Verlag",
  year      = "1990",
  address   = "Berlin"
}

@book{bib3,
  author    = "R. Paulavi{\v{c}}ius and J. {\v{Z}}ilinskas",
  title     = "Simplicial Global Optimization",
  publisher = "Springer",
  year      = "2014",
  address   = "NewYork"
}

@book{bib4,
  author    = "J. D. Pint{\'{e}}r",
  title     = "Global Optimization in Action",
  publisher = "Kluwer Academic Publishers",
  year      = "1996",
  address   = "Dordrecht"
}

@book{bib5,
  author    = "R. G. Strongin and Y. D. Sergeyev",
  title     = "Global Optimization with Non-convex Constraints: Sequential and Parallel Algorithms",
  publisher = "Kluwer Academic Publishers",
  year      = "2000",
  address   = "Dordrecht"
}

@book{bib6,
  author    = "A. A. Zhigljavsky and A. {\v{Z}}ilinskas",
  title     = "Stochastic Global Optimization",
  publisher = "Springer",
  year      = "2008",
  address   = "NewYork"
}

@article{bib7,
  author  = "D. Famularo and P. Pugliese and Y. D. Sergeyev",
  title   = "A global optimization technique for checking parametric robustness",
  journal = "Automatica",
  volume  = "35",
  pages   = "1605--1611",
  year    = "1999"
}

@article{bib8,
  author  = "V. P. Gergel and M. I. Kuzmin and N. A. Solovyov and V. A. Grishagin",
  title   = "Recognition of surface defects of cold-rolling sheets based on method of localities",
  journal = "International Review of Automatic Control",
  volume  = "8",
  pages   = "51--55",
  year    = "2015"
}

@article{bib9,
  author  = "V. A. Grishagin and R. G. Strongin",
  title   = "Optimization of multiextremal functions subject to monotonically unimodal constraints",
  journal = "Engineering Cybernetics",
  volume  = "22",
  pages   = "117--122",
  year    = "1984"
}

@article{bib10,
  author  = "D. E. Kvasov and D. Menniti and A. Pinnarelli and Y. D. Sergeyev and N. Sorrentino",
  title   = "Tuning fuzzy power-system stabilizers in multi-machine systems by global optimization algorithms based on efficient domain partitions",
  journal = "Electric Power Systems Research",
  volume  = "78",
  pages   = "1217--1229",
  year    = "2008"
}

@article{bib11,
  author  = "D. E. Kvasov and Y. D. Sergeyev",
  title   = "{L}ipschitz global optimization methods in control problems",
  journal = "Autom. Remote Control",
  volume  = "74",
  pages   = "1435--1448",
  year    = "2013"
}

@article{bib12,
  author  = "V. Y. Modorskii and D. F. Gaynutdinova and V. P. Gergel and K. A. Barkalov",
  title   = "Optimization in design of scientific products for purposes of cavitation problems",
  journal = "AIP Conf. Proc.",
  volume  = "1738",
  pages   = "400013",
  year    = "2016"
}

@article{bib13,
  author  = "Y. D. Sergeyev and P. Daponte and D. Grimaldi and A. Molinaro",
  title   = "Two Methods for Solving Optimization Problems Arising in Electronic Measurements and Electrical Engineering",
  journal = "{SIAM} J. Optim.",
  volume  = "10",
  pages   = "1--21",
  year    = "1999"
}

@article{bib14,
  author  = "H. J. Kushner",
  title   = "A new method of locating the maximum point of an arbitrary multipeak curve in the presence of noise",
  journal = "Transactions of {ASME} Ser. D. Journal of Basic Engineering",
  volume  = "86",
  pages   = "97--106",
  year    = "1964"
}

@article{bib15,
  author  = "R. G. Strongin",
  title   = "The information approach to multiextremal optimization problems",
  journal = "Stoch. Stoch. Rep.",
  volume  = "27",
  pages   = "65--82",
  year    = "1989"
}

@book{bib16,
  author    = "A. A. Zhigljavsky",
  title     = "Theory of Global Random Search",
  publisher = "Kluwer Academic Publishers",
  year      = "1991",
  address   = "Dordrecht"
}

@article{bib17,
  author  = "A. {\v{Z}}ilinskas",
  title   = "On similarities between two models of global optimization: statistical models and radial basis functions",
  journal = "J. Global Optim.",
  volume  = "48",
  pages   = "173--182",
  year    = "2010"
}

@article{bib18,
  author  = "A. {\v{Z}}ilinskas and J. {\v{Z}}ilinskas",
  title   = "P-algorithm based on a simplicial statistical model of multimodal functions",
  journal = "{TOP}",
  volume  = "18",
  pages   = "396--412",
  year    = "2010"
}

@article{bib19,
  author  = "K. Barkalov and V. Gergel",
  title   = "Parallel global optimization on {GPU}",
  journal = "J. Global Optim.",
  volume  = "66",
  pages   = "3--20",
  year    = "2016"
}

@article{bib20,
  author  = "Y. G. Evtushenko and M. A. Posypkin",
  title   = "A deterministic approach to global box-constrained optimization",
  journal = "Optim. Lett.",
  volume  = "7",
  pages   = "819--829",
  year    = "2013"
}

@article{bib21,
  author  = "V. P. Gergel and S. V. Sidorov",
  title   = "A Two-Level Parallel Global Search Algorithm for Solving Computationally Intensive Multi-extremal Optimization Problems",
  journal = "Lecture Notes in Comput. Sci.",
  volume  = "9251",
  pages   = "505--515",
  year    = "2015"
}

@article{bib22,
  author  = "E. Gourdin and B. Jaumard and R. Ellaia",
  title   = "Global optimization of {H}{\"{o}}lder functions",
  journal = "J. Global Optim.",
  volume  = "8",
  pages   = "323--348",
  year    = "1996"
}

@article{bib23,
  author  = "D. R. Jones and C. D. Perttunen and B. E. Stuckman",
  title   = "{L}ipschitzian optimization without the {L}ipschitz constant",
  journal = "J. Optim. Theory Appl.",
  volume  = "79",
  pages   = "157--181",
  year    = "1993"
}

@incollection{bib24,
  author    = "D. R. Jones",
  title     = "The {DIRECT} Global Optimization Algorithm",
  booktitle = "Encyclopedia of optimization",
  editor    = "C.A. Floudas and P. M. Pardalos",
  address   = "Dordrecht",
  year      = "2001",
  publisher = "Kluwer Academic Publishers",
  pages     = "431--440"
}

@article{bib25,
  author  = "D. E. Kvasov and C. Pizzuti and Y. D. Sergeyev",
  title   = "Local tuning and partition strategies for diagonal {GO} methods",
  journal = "Numer. Math.",
  volume  = "94",
  pages   = "93--106",
  year    = "2003"
}

@article{bib26,
  author  = "S. A. Piyavskij",
  title   = "An Algorithm for Finding the Absolute Extremum of a Function",
  journal = "Comput. Math. Math. Phys.",
  volume  = "12",
  pages   = "57--67",
  year    = "1972"
}

@article{bib27,
  author  = "R. Paulavicius and Y. D. Sergeyev and D. E. Kvasov and J. {\v{Z}}ilinskas",
  title   = "Globally-biased {DISIMPL} algorithm for expensive global optimization",
  journal = "J. Global Optim.",
  volume  = "59",
  pages   = "545--567",
  year    = "2014"
}

@article{bib28,
  author  = "Y. D. Sergeyev and D. Famularo and P. Pugliese",
  title   = "Index Branch-and-Bound Algorithm for {L}ipschitz univariate global optimization with multiextremal constraints",
  journal = "J. Global Optim.",
  volume  = "21",
  pages   = "317--341",
  year    = "2001"
}

@article{bib29,
  author  = "Y. D. Sergeyev and V. A. Grishagin",
  title   = "Sequential and parallel algorithms for global optimization",
  journal = "Optim. Methods Softw.",
  volume  = "3",
  pages   = "111--124",
  year    = "1994"
}

@article{bib30,
  author  = "Y. D. Sergeyev and D. E. Kvasov",
  title   = "A deterministic global optimization using smooth diagonal auxiliary functions",
  journal = "Commun. Nonlinear Sci. Numer. Simul.",
  volume  = "21",
  pages   = "99--111",
  year    = "2015"
}

@book{bib31,
  author    = "C. R. Carr and C. W. Howe",
  title     = "Quantitative Decision Procedures in Management and Economic: Deterministic Theory and Applications",
  publisher = "McGraw-Hill",
  year      = "1964",
  address   = "New York"
}

@article{bib32,
  author  = "E. R. Dam and B. Husslage and D. Hertog",
  title   = "One-dimensional Nested Maximin Designs",
  journal = "J. Global Optim.",
  volume  = "46",
  pages   = "287--306",
  year    = "2010"
}

@article{bib33,
  author  = "V. P. Gergel and V. A. Grishagin and R. A. Israfilov",
  title   = "Local tuning in nested scheme of global optimization",
  journal = "Procedia Computer Science",
  volume  = "51",
  pages   = "865--874",
  year    = "2015"
}

@article{bib34,
  author  = "V. A. Grishagin and R. A. Israfilov",
  title   = "Global search acceleration in the nested optimization scheme",
  journal = "AIP Conf. Proc.",
  volume  = "1738",
  pages   = "400010",
  year    = "2016"
}

@article{bib35,
  author  = "V. A. Grishagin and R. A. Israfilov",
  title   = "Multidimensional Constrained Global Optimization in Domains with Computable Boundaries",
  journal = "{CEUR} Workshop Proceedings",
  volume  = "1513",
  pages   = "75--84",
  year    = "2015"
}

@article{bib36,
  author  = "L. Shi and S. {\'{O}}lafsson",
  title   = "Nested Partitions Method for Global Optimization",
  journal = "Oper. Res.",
  volume  = "48",
  pages   = "390--407",
  year    = "2000"
}

@article{bib37,
  author  = "Y. D. Sergeyev and V. A. Grishagin",
  title   = "Parallel Asynchronous Global Search and the Nested Optimization Scheme",
  journal = "J. Comput. Anal. Appl.",
  volume  = "3",
  pages   = "123--145",
  year    = "2001"
}

@article{bib38,
  author  = "V. P. Gergel and V. A. Grishagin and A. V. Gergel",
  title   = "Adaptive nested optimization scheme for multidimensional global search",
  journal = "J. Global Optim.",
  volume  = "66",
  pages   = "35--51",
  year    = "2016"
}

@article{bib39,
  author  = "V. A. Grishagin and R. A. Israfilov and Y. D. Sergeyev",
  title   = "Comparative efficiency of dimensionality reduction schemes in global optimization",
  journal = "AIP Conf. Proc.",
  volume  = "1776",
  pages   = "060011",
  year    = "2016"
}

@article{bib40,
  author  = "A. R. Butz",
  title   = "Space-Filling Curves and Mathematical Programming",
  journal = "Inform. Control",
  volume  = "12",
  pages   = "314--330",
  year    = "1968"
}

@article{bib41,
  author  = "B. Goertzel",
  title   = "Global Optimization with Space-Filling Curves",
  journal = "Appl. Math. Lett.",
  volume  = "12",
  pages   = "133--135",
  year    = "1999"
}

@article{bib42,
  author  = "A. E. Hime and H. A. {Oliveira Jr.} and A. Petraglia",
  title   = "Global Optimization Using Space-Filling Curves and Measure-Preserving Transformations",
  journal = "Soft Computing in Industrial Applications",
  volume  = "96",
  pages   = "121--130",
  year    = "2011"
}

@article{bib43,
  author  = "D. Lera and Y. D. Sergeyev",
  title   = "Deterministic global optimization using space-filling curves and multiple estimates of {L}ipschitz and Holder constants",
  journal = "Commun. Nonlinear Sci. Numer. Simul.",
  volume  = "23",
  pages   = "328--342",
  year    = "2015"
}

@article{bib44,
  author  = "D. Lera and Y. D. Sergeyev",
  title   = "Global minimization algorithms for {H}{\"{o}}lder functions",
  journal = "{BIT}",
  volume  = "42",
  pages   = "119--133",
  year    = "2002"
}

@article{bib45,
  author  = "D. Lera and Y. D. Sergeyev",
  title   = "{L}ipschitz and {H}{\"{o}}lder global optimization using space-filling curves",
  journal = "Appl. Numer. Math.",
  volume  = "60",
  pages   = "115--129",
  year    = "2010"
}

@article{bib46,
  author    = "Y. D. Sergeyev and M. S. Mukhametzhanov and D. E. Kvasov and D. Lera",
  title     = "Derivative-free local tuning and local improvement techniques embedded in the univariate global optimization",
  publisher = "Journal of Optimization Theory and Applications",
  year      = "2016",
  pages     = "186--208",
  volume    = "171"
}

@book{bib47,
  author    = "Y. D. Sergeyev and R. G. Strongin and D. Lera",
  title     = "Introduction to Global Optimization Exploiting Space-Filling Curves",
  year      = "2013",
  publisher = "Springer"
}

@article{bib48,
  author  = "M. Gaviano and D. E. Kvasov and D. Lera and Y. D. Sergeyev",
  title   = "Software for generation of classes of test functions with known local and global minima for global optimization",
  journal = "{ACM} {TOMS}",
  volume  = "29",
  pages   = "469--480",
  year    = "2003"
}

@article{bib49,
  author  = "V. A. Grishagin and Y. D. Sergeyev and R. G. Strongin",
  title   = "Parallel Characteristic Algorithms for Solving Problems of Global Optimization",
  journal = "J. Global Optim.",
  volume  = "10",
  pages   = "185--206",
  year    = "1997"
}

@inproceedings{bib50,
  author    = "V. A. Grishagin",
  title     = "On Convergence Conditions for a Class of Global Search Algorithms",
  publisher = "Proceedings of the 3-rd All-Union Seminar Numerical Methods of Nonlinear Programming",
  pages     = "82--84",
  year      = "1979",
  note      = "In Russian"
}

@book{bib51,
  author    = "R. G. Strongin",
  title     = "Numerical Methods in Multiextremal Problems (Information-Statistical Algorithms)",
  publisher = "Nauka",
  year      = "1978",
  address   = "Moscow",
  note      = "In Russian"
}

@article{bib52,
  author  = "V. A. Grishagin",
  title   = "Operating Characteristics of Some Global Search Algorithms",
  journal = "Problems of Statistical Optimization",
  volume  = "7",
  pages   = "198--206",
  year    = "1978",
  note    = "In Russian"
}
