@book
{
  optParallelBook,
  author    = "{Стронгин Р.Г. Гергель В.П. Гришагин В.А. Баркалов К.А.}",
  title     = {Параллельные вычисления в задачах глобальной оптимизации},
  publisher = {Издательство Московского университета},
  address   = {Москва},
  year      = 2013
}

@article
{
  optControl,
  author    = "{Д.В. Баландин М.М. Коган}",
  title     = {Оптимальное по Парето обобщенное \(H_2\)-управление и задачи виброзащиты},
  journal   = {Автоматика и телемеханика. Принято к печати},
  year      = 2017,
}
